2438 3994
218 293 257 354 54
540 305 575 353 n.
599 305 670 353 run.
693 304 879 352 ruvsuaurs

216 444 282 505 Non
303 461 379 522 quae
400 451 524 503 ventoso
549 445 690 505 conducta
709 445 762 505 sub
783 460 893 522 aggere
913 442 995 502 texit.

216 527 280 587 Vos
301 526 442 603 humiles,
463 527 575 606 inquis,
597 528 677 604 vulgi
698 547 766 606 pars
789 528 885 588 ultima
907 528 1008 603 nostri,

218 611 347 684 Quorum
367 626 452 670 nemo
474 620 561 689 queat
583 613 704 690 patriam
726 621 886 671 monstrare
909 611 1054 688 parentis:
1176 621 1206 672 lt

217 694 272 755 Ast
294 712 351 772 ego
373 691 613 772 Cecropidesl—
626 695 716 756 Vivus
728 706 759 755 et
773 697 892 774 originis
907 693 990 753 huius

218 778 327 839 Gaudia
344 778 433 855 longa
450 777 546 837 ieras:
569 787 665 838 tamen
685 780 741 839 ima
762 777 851 857 plebe
872 776 1012 849 Quiritem

216 860 381 922 Facundum
402 862 549 930 inveniam
573 860 649 921 solet
670 861 717 922 hic
740 861 901 922 defendere
925 877 1028 920 causas

217 943 332 1004 Nobilis
352 943 475 1012 indocti;
499 945 627 1005 renitet
648 945 684 1004 de
707 943 796 1023 plebe
819 952 929 1020 togata,

217 1026 273 1099 Qui
291 1028 360 1086 iuris
381 1025 475 1085 nodos
496 1035 526 1084 et
546 1026 643 1102 legum
665 1029 826 1103 aenigmata
847 1026 950 1085 solvat.

144 1133 147 1140 ·
216 1109 270 1168 llic
293 1109 366 1187 petit
384 1106 552 1186 Euphraten
572 1110 684 1167 iuvenis
704 1109 861 1187 domitique
884 1107 984 1167 Batavi

218 1190 364 1251 Custodes
386 1190 514 1270 aquilas,
538 1193 624 1251 armis
645 1192 814 1252 industrius:
834 1191 863 1252 at
885 1199 914 1249 tu

216 1273 264 1335 Nil
285 1273 340 1334 nisi
362 1271 546 1352 Cecropides
564 1283 726 1353 truncoque
750 1275 909 1335 simillimus
931 1272 1066 1332 llermae.

216 1357 305 1419 Nullo
328 1359 437 1438 quippe
458 1357 516 1418 alio
537 1359 630 1419 vincis
653 1357 832 1433 discrimine,
856 1374 940 1435 quam
962 1357 1039 1435 quod

216 1441 262 1502 llll
282 1459 474 1502 marmoreum
498 1451 583 1521 caput
605 1451 668 1518 eet,
690 1451 738 1502 tua
758 1442 830 1501 vivit
851 1441 956 1517 imago.

216 1525 273 1586 Dic
293 1525 377 1602 mibi,
401 1525 581 1586 Teucrorum
601 1525 718 1604 proles,
739 1525 869 1585 animalia
889 1531 966 1583 muta

218 1608 290 1681 Quis
307 1625 455 1686 generosa
478 1618 575 1687 putet,
596 1611 651 1668 nisi
670 1606 777 1668 fortia?
796 1626 900 1687 nempe
923 1606 1073 1668 volucrem

218 1693 268 1752 Sic
287 1691 434 1752 laudamus
454 1710 577 1769 equum,
600 1692 680 1753 facili
702 1694 747 1752 cui
768 1692 889 1771 plurima
911 1690 1005 1769 palma

217 1773 327 1834 Fervet
349 1784 379 1834 et
400 1773 524 1835 exsultat
545 1793 634 1835 rauco
654 1777 776 1836 victoria
799 1777 889 1835 circo.

217 1857 332 1919 Nobilis
354 1858 417 1935 hic,
439 1876 622 1938 quocumque
642 1861 720 1919 venit
742 1859 779 1919 de
800 1859 940 1937 gramine,
963 1859 1044 1918 cuius

219 1939 306 2003 Clara
328 1941 397 2019 iuga
419 1950 484 2003 aute
505 1942 578 2003 alios
600 1953 629 2004 et
650 1944 758 2022 primus
781 1946 808 2003 in
831 1959 961 2020 aequore
982 1940 1094 2020 pulvis;

219 2025 278 2086 Sed
296 2025 400 2086 venale
421 2045 513 2105 pecus
536 2024 703 2106 Coryphaei
726 2028 882 2106 posteritas
904 2035 933 2085 et

217 2110 347 2190 Hirpini,
370 2111 394 2170 si
415 2129 481 2171 rara
502 2112 570 2188 iugo
593 2113 717 2172 victoria
737 2112 822 2172 sedit.

218 2191 265 2253 Nil
287 2194 327 2254 ibi
349 2195 487 2254 maiorum
507 2205 678 2272 respectus,
701 2197 795 2272 gratia
816 2194 893 2254 nulla

218 2276 407 2349 Umbrarum
430 2278 563 2338 dominos
584 2280 685 2356 pretiis
707 2288 817 2338 mutare
834 2276 967 2337 iubentur

218 2359 342 2436 Exignis
364 2361 432 2420 trito
455 2369 485 2419 et
507 2360 612 2420 ducunt
634 2361 766 2439 epiredia
789 2361 867 2421 collo

220 2442 406 2521 Segnipedes
427 2441 564 2521 dignique
586 2443 691 2505 molam
712 2463 833 2505 versare
855 2454 988 2525 nepotes.

219 2525 318 2604 Ergo,
341 2536 372 2586 ut
393 2527 529 2586 miremur
549 2534 595 2604 te,
618 2545 676 2587 non
697 2537 761 2604 tua,
783 2529 895 2607 privum
912 2528 1020 2608 aliquid
1042 2528 1089 2605 da,

221 2608 307 2684 Quod
327 2611 437 2688 possim
460 2609 549 2670 titulis
571 2612 700 2682 incidere
722 2621 841 2690 praeter
862 2613 1002 2688 honores,
1212 2619 1213 2644 ¹

220 2692 302 2765 Quos
324 2693 381 2755 illis
403 2693 504 2755 damus
525 2713 561 2755 ao
582 2696 728 2772 dedimus,
752 2697 855 2776 quibus
879 2697 973 2756 omnia
995 2693 1098 2755 debes.
1180 2703 1209 2758 lo

261 2777 343 2838 Haec
361 2780 430 2839 satis
450 2779 487 2838 ad
506 2780 655 2856 iuvenem,
676 2798 762 2858 quem
784 2780 868 2846 uobis
884 2780 959 2840 lama
982 2778 1143 2858 superbum

221 2861 320 2922 Tradit
341 2870 371 2921 et
392 2862 517 2922 inflatum
540 2863 713 2943 plenumque
735 2864 852 2924 Nerone
874 2865 1048 2943 propinquo.

219 2945 313 3006 Rarus
335 2947 410 3006 enim
432 2945 524 3008 ferme
546 2967 649 3007 sensus
669 2950 825 3007 communis
848 2948 945 3007 inilia

219 3027 362 3098 Fortuna;
381 3029 434 3089 sed
452 3039 482 3089 te
506 3033 622 3091 censeri
643 3030 728 3090 laude
750 3041 874 3107 tuorum,
1210 3089 1211 3096 ,

220 3110 357 3187 Pontice,
381 3111 524 3172 noluerim
546 3115 588 3173 sic
610 3122 641 3172 nt
661 3113 731 3173 nihil
753 3115 817 3192 ipse
839 3114 951 3175 futurae
1179 3122 1209 3177 lt

220 3192 325 3255 laudis
349 3212 430 3271 agas.
475 3193 611 3256 bliserum
632 3205 678 3256 est
702 3196 822 3258 aliorum
842 3197 1010 3258 incumbere
1033 3197 1142 3274 famae,
1210 3221 1211 3291 p

220 3275 265 3336 Ne
288 3276 420 3355 collapsa
442 3288 524 3338 ruant
546 3279 695 3339 subductis
716 3289 794 3342 tecta
816 3281 966 3341 columnis.

221 3361 334 3420 Stratus
356 3359 433 3420 humi
454 3361 567 3440 palmes
584 3363 687 3424 viduas
708 3364 855 3426 desiderat
872 3365 974 3425 ulmos.

221 3437 293 3502 listo
315 3443 408 3503 bonus
429 3444 523 3524 miles,
546 3455 624 3507 tutor
644 3448 753 3526 bonus,
776 3449 886 3510 arbiter
905 3448 982 3508 idem

222 3522 357 3602 integer:
378 3528 530 3607 ambiguae
553 3532 578 3590 si
601 3533 714 3611 quaudo
739 3533 868 3594 citabere
890 3532 975 3592 testis
1178 3503 1210 3593 Sd

1198 3839 1208 3970 l
