2444 3984
408 274 534 321 sauma
554 275 605 321 111.
961 269 1000 332 ιτ

18 415 108 491 Atque
133 411 229 472 obiter
251 412 333 489 leget
356 421 404 472 aut
425 412 534 472 scribet
556 413 604 472 vel
627 413 750 474 dormiet
772 415 862 484 infuse
975 446 981 456 ·

18 497 142 574 Namque
165 495 234 555 facit
255 513 385 555 somnum
402 496 501 557 clausa
522 497 626 557 lectica
648 498 787 558 fenestra.

18 581 87 639 Ante
108 589 205 639 tamen
223 580 337 639 veniet:
359 579 442 639 nobis
465 581 689 659 properantibus
712 581 808 641 obstat

18 664 92 723 Unda
114 665 213 740 prior,
236 680 342 740 magno
364 663 491 742 populus
513 666 619 742 premit
639 665 752 742 agmine
774 666 898 738 lumbos,

18 746 67 820 Qui
87 748 231 824 aequitum
254 747 322 806 ferit
343 747 390 806 hic
411 746 524 822 cubito,
546 747 614 808 ferit
637 766 738 808 assere
761 749 833 808 duro
948 761 999 815 245

18 830 109 905 Alter,
132 838 161 890 at
182 829 231 889 bic
253 833 361 906 tignum
380 831 467 908 capiti
487 832 603 906 incutit,
624 832 675 891 ille
697 842 856 896 metretam.

18 914 130 989 Pinguia
151 931 237 973 crura
260 913 335 982 lutc;
359 913 457 992 planta
476 931 545 976 mox
565 915 691 993 undique
711 933 814 992 magna

18 996 118 1056 Calcor
138 1005 168 1056 et
187 997 215 1056 in
237 996 327 1075 digito
352 997 452 1058 clavus
474 998 541 1058 rnibi
562 999 659 1058 militis
680 998 793 1059 baeret.
847 1018 853 1029 ·

18 1079 111 1138 Nonne
132 1081 233 1156 vides,
257 1089 363 1159 quanto
387 1079 554 1140 celebretur
575 1081 707 1159 sportula
727 1080 827 1143 furno?

18 1162 130 1222 Centum
153 1165 315 1241 convivae,
339 1165 470 1243 sequitur
487 1182 538 1224 sua
560 1182 705 1244 quemque
727 1166 831 1227 culina.
947 1180 999 1233 250

17 1245 137 1307 Corbulo
160 1249 211 1308 vix
232 1248 324 1308 ferret
346 1256 389 1307 tot
411 1265 482 1308 vasa
502 1249 646 1325 ingentia,
669 1257 713 1308 tot
733 1267 782 1309 res

18 1328 160 1408 Inpositas
183 1333 287 1409 capiti,
313 1349 384 1409 quas
406 1339 490 1391 recto
511 1333 624 1391 vertice
645 1340 743 1410 portat

18 1414 147 1474 Servulus
169 1414 272 1474 infelix
294 1424 324 1474 et
344 1433 430 1475 cursu
454 1415 574 1474 ventilat
593 1417 699 1492 ignem,

19 1497 182 1556 scinduntur
203 1499 317 1558 tunicae
339 1507 437 1559 sartae
458 1495 562 1567 modo;
586 1498 673 1575 longa
696 1508 833 1558 coruscat

18 1581 131 1640 Serraco
153 1583 291 1642 veniente
313 1581 411 1658 abies,
435 1590 522 1660 atque
544 1581 635 1641 altera
656 1583 752 1660 pinum
947 1597 998 1650 255

18 1662 136 1724 Plaustra
157 1665 282 1733 vehunt;
305 1673 405 1726 nutant
426 1665 485 1724 alte
502 1666 672 1744 populoque
696 1666 846 1725 minantur.

20 1745 81 1806 llam
102 1749 125 1806 si
146 1748 319 1827 procubuit,
343 1750 391 1826 qui
413 1766 484 1808 sana
506 1747 652 1825 ligustica
674 1757 772 1826 portat

23 1829 99 1907 Axis,
123 1841 159 1891 et·
174 1849 309 1892 eversum
331 1833 403 1892 fudit
425 1850 515 1910 super
536 1834 648 1909 agmina
669 1841 807 1908 montem,

24 1912 86 1984 Quid
106 1924 245 1994 superest
266 1915 302 1975 de
321 1912 515 1994 corporibus?
539 1918 602 1993 quis
621 1915 764 1990 membra,
784 1918 848 1993 quis
872 1933 939 1976 ossa

22 1994 140 2060 lnvenitl
168 1999 304 2059 obtritum
325 1999 405 2076 uulgi
426 1999 502 2078 perit
524 2016 607 2059 omne
631 1999 758 2058 cadaver
946 2010 998 2064 260

23 2075 92 2140 licre
112 2084 237 2152 animam
260 2082 361 2143 domus
382 2084 495 2142 interea
516 2099 620 2142 secura
643 2080 768 2161 patellas

23 2160 71 2221 lan
90 2164 164 2226 lavat
186 2174 217 2226 et
238 2165 333 2226 bucca
354 2167 482 2226 foculum
505 2167 614 2226 excitat
634 2174 663 2224 et
687 2173 771 2224 sonat
792 2166 886 2225 unctis

24 2245 161 2325 striglibus
186 2259 217 2310 et
237 2249 326 2328 pleno
351 2251 497 2328 componit
517 2249 606 2309 lintea
627 2249 726 2327 gutto!
747 2288 753 2298 -

24 2318 90 2389 llaec
109 2334 182 2392 inter
202 2350 312 2412 pueros
334 2334 415 2392 varie
436 2342 644 2412 properantur:
668 2341 696 2393 at
717 2332 768 2394 ille

24 2408 72 2471 lan
87 2416 166 2476 sedet
188 2420 218 2476 iu
238 2419 302 2495 ripa
324 2425 490 2494 tetrumque·
511 2417 642 2477 novicius
663 2415 766 2477 borret
946 2429 997 2483 265

25 2492 174 2577 Porthmea,
198 2519 254 2560 nec
276 2509 377 2579 sperat
401 2501 520 2560 coenosi
543 2501 665 2579 gurgitis
687 2500 782 2560 alnum

25 2573 131 2658 Infelix,
153 2602 209 2644 nec
231 2583 319 2644 habet
343 2601 427 2663 quern
449 2585 580 2662 porrigat
600 2600 652 2642 ore
672 2585 815 2643 trientem.

59 2661 176 2743 Respice
196 2685 273 2727 nunc
295 2667 351 2727 alia
372 2685 408 2728 ac
430 2669 545 2730 diversa
565 2665 697 2745 pericula
719 2667 829 2725 noctis:

26 2739 98 2812 Quod
118 2751 239 2827 spatium
260 2752 346 2809 tectis
367 2750 554 2826 sublimibus,
581 2748 657 2808 unde
680 2749 830 2809 cerebrum

27 2822 101 2889 Testa
120 2831 201 2910 ferit,
226 2834 341 2912 quoties
364 2835 471 2894 rimosa
488 2843 518 2894 et
539 2840 618 2892 curta
641 2832 778 2892 fenestris
945 2843 997 2896 2⁷0

27 2904 91 2970 Vasa
110 2916 225 2986 cadunt;
248 2927 354 2995 quanto
376 2935 547 2996 percussum
567 2915 699 2994 pondere
722 2917 837 2992 signent

28 2986 57 3049 m
71 2993 175 3058 laedant
193 3001 315 3060 silicem.
360 3001 460 3062 Possis
481 3003 602 3078 ignavus
625 2999 725 3058 baberi

30 3069 58 3131 bt
76 3079 153 3140 subiti
175 3101 260 3143 casus
282 3084 475 3162 improvidus,
499 3085 535 3144 ad
558 3100 679 3144 coenam
699 3083 724 3142 si

29 3152 162 3223 lntestatus
182 3184 247 3236 eas;
271 3167 345 3227 adeo
367 3176 411 3227 tot
433 3168 507 3243 fata,
531 3176 602 3245 quot
625 3168 674 3227 illa

29 3235 107 3303 llocte
124 3257 218 3324 patent
238 3250 345 3329 vigiles
367 3259 397 3310 te
418 3259 623 3329 praetereunte
645 3251 803 3312 fenestrae.
901 3257 996 3322 „ate

30 3316 96 3399 Ergo
114 3340 193 3408 optes
213 3342 371 3412 votumque
393 3334 473 3394 feras
493 3334 659 3395 miserabile
680 3342 786 3410 tecum,

31 3400 61 3460 Ut
78 3410 126 3470 sint
145 3424 296 3478 contentae
318 3418 432 3496 patulas
455 3418 614 3478 defundere
637 3417 750 3497 pelves.

31 3480 117 3550 Ebrius
138 3513 170 3556 ac
187 3501 338 3577 petulans,
361 3501 410 3580 qui
431 3502 540 3561 nullum
560 3503 636 3561 forte
658 3503 774 3577 cecidit,

66 3591 112 3632 mv.
126 3599 182 3639 sar.
799 3595 816 3648 2
