2444 3984
398 251 523 300 sarran
545 253 592 300 vr.
968 243 1010 306 39

23 393 118 469 Dicet,
143 393 207 470 quis
230 393 344 453 viduam
368 402 558 470 praegnatem
582 393 688 454 iecerit
710 400 739 452 et
762 409 820 471 quo
956 405 1008 458 405

23 476 132 545 blense;
157 475 262 554 quibus
285 475 383 536 verbis
402 476 574 536 concumbat
596 494 747 557 quaeque,
770 475 863 536 modis
884 487 964 555 quot.

23 561 174 620 lnstautem
194 560 259 636 regi
282 559 420 620 Armenio
444 559 609 639 Parthoque
631 569 765 622 cometen

24 645 110 704 Prima
134 643 228 716 videt;
252 643 356 704 lamam
378 661 569 722 rumoresque
590 644 641 706 illa
664 654 799 706 recentes

22 727 135 806 Excipit
158 727 194 787 ad
220 736 337 806 portas,
361 728 502 805 quosdam
524 728 608 798 facim
629 731 689 790 isse
710 728 855 808 Niphaten

23 811 51 870 ln
75 810 203 890 populos
223 827 387 889 magnoque
411 812 471 872 illic
494 821 597 872 cuncta
619 829 688 873 arva
709 813 803 873 teneri
955 822 1010 876 410

23 895 151 971 Diluvio,
178 903 280 955 nutare
304 894 409 971 urbes,
434 895 588 956 subsidere
610 905 715 973 terras,
1000 917 1014 954 s

24 978 209 1058 Quocumque
230 979 259 1038 in
280 979 384 1055 trivio,
407 980 578 1058 cuicumque
603 989 648 1039 est
672 980 776 1057 obuia,
802 989 908 1042 narrat.

61 1059 122 1122 Nec
145 1072 242 1123 tamen
262 1063 290 1124 id
310 1063 408 1123 vitium
431 1064 523 1140 magis
544 1062 745 1141 intolerabile,
769 1082 854 1143 quarn
878 1083 952 1144 quae

24 1146 136 1206 Vicinos
158 1146 282 1206 humiles
303 1164 409 1225 rapere
434 1155 463 1206 et
487 1148 644 1209 concidere
667 1148 738 1208 loris

24 1229 146 1290 Exorata
167 1229 254 1291 solet.
287 1229 360 1291 Nam
382 1231 407 1289 si
430 1230 580 1292 latratibus
602 1232 652 1292 alti
957 1243 1009 1296 415

24 1313 197 1392 llumpuntur
219 1315 328 1390 somni,
352 1314 445 1375 fustes
468 1314 525 1375 huc
547 1317 645 1392 ocius,
669 1316 769 1394 inquit,

25 1397 146 1473 hderte,
170 1407 257 1477 atque
278 1397 335 1458 illis
354 1398 497 1459 dominum
519 1399 600 1460 iubet
622 1408 688 1460 ante
710 1398 802 1474 feriri,

24 1479 131 1541 Deinde
155 1480 266 1542 cau'em.
302 1480 569 1560 Grauisoccursu,
596 1485 745 1543 teterrima
768 1482 848 1543 uultu

25 1564 124 1624 Balnea
144 1574 232 1625 nocte
254 1564 344 1634 subit;
368 1565 496 1626 conchas
520 1576 550 1626 et
572 1576 667 1627 castra
688 1567 801 1626 moueri

25 1646 112 1708 Nocte
136 1648 230 1717 inhet;
252 1666 357 1727 magno
380 1651 489 1728 gaudet
511 1650 617 1711 sudare
638 1650 768 1727 tumultu,
956 1661 1010 1714 420

28 1730 112 1802 Quum
135 1731 243 1794 lassata
264 1734 347 1811 gravi
371 1734 541 1795 cecideruut
561 1734 680 1796 brachia
702 1753 808 1812 massa,

28 1811 146 1876 Callidus
170 1825 200 1876 et
222 1817 330 1878 cristae
353 1816 461 1894 digitos
483 1819 631 1896 impressit
655 1818 760 1898 aliptes

27 1897 65 1957 lc
85 1917 222 1959 summum
245 1899 376 1961 dominae
399 1901 494 1961 femur
515 1903 680 1964 exclamare
702 1904 809 1980 coegit.

30 1978 166 2043 Convivae
189 1984 287 2043 miseri
311 1986 422 2045 interea
446 2002 606 2065 somnoque
629 1986 762 2064 fameque

30 2063 177 2142 Urgentur;
205 2067 320 2128 tandem
340 2067 390 2129 illa
412 2071 492 2129 venit
512 2069 715 2145 rubicundula‚
737 2078 827 2130 totum
954 2079 1007 2133 425

30 2145 225 2228 oenophorum
248 2152 367 2226 sitiens,
394 2153 481 2231 plena
506 2154 583 2231 quod
606 2153 732 2213 tenditur
752 2172 823 2215 urna

29 2230 170 2294 Admotum
193 2234 332 2312 pedibus,
355 2235 392 2295 de
414 2254 471 2315 quo
494 2239 639 2298 sextarius
661 2237 736 2298 alter

30 2313 137 2377 Ducitur
162 2327 228 2378 ante
251 2319 362 2395 cibum,
384 2321 513 2382 rabidam
535 2321 663 2382 facturus
686 2324 808 2401 orexim,

30 2397 91 2459 llum
111 2401 188 2462 redit
211 2410 240 2461 et
263 2402 323 2463 loto
346 2411 452 2465 terram
473 2404 541 2465 ierit
562 2408 710 2467 intestino.

30 2480 208 2546 llarmoribus
231 2488 286 2547 rivi
309 2498 484 2567 properant,
507 2498 606 2550 aurata
629 2489 784 2551 Falernum
953 2502 1008 2556 430

31 2563 115 2627 Pelris
138 2570 215 2638 olet:
242 2588 306 2631 nam
329 2572 388 2647 sic,
412 2581 555 2650 tamquam
577 2574 634 2634 altu
657 2575 684 2633 in
708 2574 785 2634 dolia
805 2574 909 2652 longus

31 2647 169 2714 Deciderit
189 2672 328 2733 serpens,
353 2653 426 2716 bibit
449 2665 478 2717 et
498 2658 597 2716 vomit.
631 2656 712 2734 Ergo
736 2658 853 2717 maritus

31 2730 144 2797 Nauseat
166 2746 253 2815 atque
276 2739 369 2802 oculis
392 2737 480 2801 bilem
503 2740 672 2819 substringit
693 2741 814 2819 opertis.

63 2817 111 2879 llla
131 2830 227 2882 tamen
246 2824 381 2899 gravior,
405 2842 496 2902 quae,
519 2844 604 2904 quum
626 2823 810 2886 discumbere
833 2826 941 2903 coepit,

33 2897 124 2963 laudat
144 2904 323 2983 Vergilium,
348 2908 493 2986 periturae
516 2912 641 2988 ignoscit
659 2909 785 2984 Elissae,
951 2916 1003 2971 435

33 2979 172 3048 Committit
195 2998 278 3049 vates
302 2999 331 3051 et
351 3001 517 3071 comparat;
540 2994 607 3054 inde
630 2994 778 3055 Maronem

33 3065 113 3144 hique
138 3072 194 3132 alia
216 3082 300 3152 parte
322 3076 351 3135 in
371 3078 475 3136 trutina
499 3079 650 3156 suspendit
673 3076 837 3137 Homerum.

33 3144 129 3213 dedunt
151 3160 347 3235 grammatici,
372 3160 524 3220 vincuntur
545 3159 695 3237 rhetores,
723 3160 813 3220 omnis

33 3228 113 3297 lurba
131 3247 223 3309 tacet:
247 3259 303 3302 uec
328 3239 509 3319 causidicus,
535 3262 591 3303 nec
615 3261 725 3322 praeco
752 3244 897 3321 loquetur,

34 3313 117 3381 litera
137 3340 194 3383 nec
216 3325 336 3388 mulier:
363 3327 519 3387 verborum
540 3336 616 3386 tanta
642 3327 718 3387 cadit
739 3329 798 3395 vis;
953 3331 1004 3386 tio

34 3393 76 3457 lot
93 3407 201 3480 pariter
226 3407 330 3484 pelves
352 3427 388 3470 ac
410 3410 595 3470 tintinnabula
617 3411 698 3470 dicas

34 3477 134 3545 l’ulsari.
172 3490 241 3551 lamv
258 3507 342 3550 nemo
364 3491 464 3568 tubas,
490 3511 573 3554 nemo
600 3512 669 3554 aera
692 3493 809 3571 fatiget:
