2444 3984
393 275 517 322 saurus
540 276 588 323 vr.
882 327 885 332 ,
963 265 1003 326 35

18 414 93 487 Duae
117 413 192 490 fugit
214 432 231 475 a
254 411 349 474 sexul
382 413 469 474 Vires
493 412 588 475 amat?
613 414 688 476 baec
709 425 804 476 tamen
828 418 891 495 ipsa

18 499 63 557 tir
82 496 176 556 nollet
198 497 276 566 lieri;
300 514 365 557 nam
389 498 523 575 quantula
545 507 645 559 nostra
666 499 817 579 voluptas!

18 582 104 655 Duale
127 581 219 640 decus
242 599 356 656 rerum,
380 583 406 639 si
429 583 561 659 coniugis
583 583 681 642 auctio
703 584 764 660 liat,
952 596 1004 649 255

18 665 127 726 Dalteus
151 674 181 724 et
203 665 334 725 manicae
358 673 388 724 et
409 667 516 725 cristae
540 667 691 746 crurisque
714 669 822 727 sinistri

18 750 164 810 Dimidium
190 749 332 825 tegimem
352 747 404 808 vel
429 751 453 809 si
474 749 590 809 diversa
612 750 741 811 movebit

18 833 145 909 Proelia,
169 841 199 892 tu
220 831 311 908 felix,
335 849 439 892 ocreas
461 832 607 893 vendente
629 834 747 912 puella!

18 918 69 978 llae
92 925 178 992 sunt,
204 933 280 994 quae
306 918 384 976 tenui
407 916 509 977 sudant
530 918 559 976 in
582 917 722 995 cyclade,
748 936 866 998 quarum

18 1001 140 1062 Delicias
164 1009 194 1060 et
215 1000 387 1079 panniculus
411 1000 602 1076 bombycinus
624 1001 701 1062 urit?
952 1011 1006 1065 260

18 1086 137 1163 Aspice,
163 1101 222 1161 quo
245 1084 361 1144 fremitu
384 1084 715 1163 monstratos'perierat
736 1086 821 1163 ictus,

18 1169 46 1228 Dt
68 1176 184 1246 quanto
202 1167 308 1245 galeae
335 1177 470 1228 curvetur
492 1170 643 1247 pondere,
667 1180 772 1248 quanta

18 1251 172 1330 l'oplitibus
196 1252 299 1337 sedeat
323 1269 407 1330 quam
429 1252 521 1315 denso
544 1253 635 1314 fascia
661 1254 747 1331 libro,

18 1335 47 1395 lit
68 1335 149 1410 risle,
173 1337 277 1415 positis
300 1335 450 1414 scaphium
473 1354 558 1415 quum
580 1339 701 1396 sumitur
723 1341 818 1397 armis.

18 1419 105 1479 Dicite
128 1435 184 1479 vos
208 1429 312 1498 neptes
332 1418 434 1498 Lepidi
457 1421 576 1480 caecive
599 1418 722 1496 lletelli,
952 1433 1003 1487 265

21 1503 138 1580 Gurgitis
161 1513 209 1562 aut
232 1502 329 1578 Fabii,
354 1521 428 1582 quae
449 1503 526 1563 ludia
548 1506 703 1582 sumpserit
722 1522 854 1584 umquam

21 1586 71 1645 llos
93 1586 224 1655 babitus;
249 1587 363 1665 quando
387 1587 423 1647 ad
445 1587 542 1665 palum
565 1596 663 1665 gemat
685 1606 761 1648 uxor
782 1588 887 1663 Asyli?

56 1671 178 1748 Semper
198 1669 287 1730 babet
309 1670 376 1730 lites
400 1670 570 1749 alternaque
593 1671 688 1749 iurgia
709 1671 816 1749 lectus,

24 1754 47 1814 ln
66 1771 121 1833 quo
144 1763 232 1833 nupta
254 1755 345 1822 iacet;
367 1756 510 1814 minimum
532 1754 676 1815 dormitur·
691 1758 720 1815 in
742 1757 804 1816 illo.

23 1835 105 1910 Duum
127 1839 225 1915 gravis
248 1837 299 1898 illa
321 1839 402 1914 viro,
427 1847 494 1898 tunc
517 1838 589 1899 orba
611 1839 717 1917 tigrius
740 1843 825 1919 peior
952 1852 1004 1907 270

25 1921 118 1999 [Duum
141 1921 256 1982 simulat
278 1924 402 2000 gemitus
424 1922 531 1982 occulti
555 1925 673 1984 conscia
695 1924 795 2002 iacti,]

26 2005 72 2064 lut
93 2007 152 2066 odit
175 2022 301 2085 pueros,
327 2015 375 2067 aut
396 2005 464 2066 ficta
490 2006 600 2085 pellice
622 2007 730 2085 plorat,

27 2087 156 2150 Uberibus
180 2107 297 2169 semper
317 2089 443 2150 lacrimis
466 2107 642 2169 semperque
663 2092 772 2169 paratis

26 2171 51 2230 ln
69 2176 189 2235 statione
212 2191 264 2232 sua
286 2183 375 2251 atque
396 2173 633 2253 exspectantibus
656 2173 745 2251 illam,

29 2255 80 2327 Quo
103 2257 200 2317 iubeat
224 2275 339 2318 manare
361 2258 464 2318 modo:
487 2268 518 2319 tu
541 2258 636 2319 credis
658 2276 797 2336 amorem,
950 2268 1001 2322 tlt

30 2337 61 2397 Tu
79 2341 127 2400 tibi
152 2350 220 2402 tunc
242 2340 340 2402 llruoa
363 2342 464 2421 places
488 2342 645 2421 fletumque
669 2342 785 2404 labellis

29 2419 180 2500 lineorbes,
204 2443 279 2504 quae
301 2427 410 2504 scripta
434 2435 463 2486 et
486 2435 556 2505 quot
578 2426 691 2486 lecture
714 2426 850 2504 tabellas,

30 2505 52 2563 st
70 2507 115 2567 tibi
136 2509 292 2589 zelotypae
314 2519 485 2587 retegantur
505 2511 611 2570 scrinia
634 2510 791 2571 moechae!

31 2589 76 2650 Sed
99 2594 174 2652 iacet
192 2595 220 2652 in
246 2596 325 2653 servi
348 2593 550 2672 complexibus
576 2602 624 2654 aut
646 2595 767 2672 equitis;
791 2592 848 2670 dic,

31 2670 73 2731 Dio
93 2676 231 2754 aliquem,
254 2678 360 2752 sodes,
384 2677 449 2753 bic,
474 2676 665 2752 Quintiliane,
691 2677 836 2736 colorem!
950 2687 1002 2740 280

32 2752 185 2826 Haeremus;
210 2760 257 2819 dio
277 2761 353 2840 ipsa!
368 2794 409 2808 -
434 2760 508 2820 Olim
530 2769 722 2835 convenerat,
746 2761 847 2837 inquit,

33 2836 60 2895 Ut
79 2841 189 2900 laceras
211 2852 258 2918 tu,
281 2844 357 2921 quod
379 2844 493 2921 velles,
516 2863 571 2904 nec
595 2861 653 2903 non
676 2859 732 2920 ego
755 2859 875 2921 possem

33 2918 167 3000 ludulgere
189 2926 273 2986 mibi:
300 2926 408 2986 clames
431 2927 501 2988 lieet
524 2938 553 2988 et
574 2946 654 2988 unare
676 2925 763 2986 coelo

36 3000 195 3085 Doninndas,
218 3009 305 3070 bomo
328 3029 400 3074 sum.
425 3046 469 3058 -
490 3010 568 3071 Nihil
591 3020 636 3070 est
659 3010 794 3071 audacius
817 3007 874 3066 illis

35 3085 189 3165 Deprensis:
216 3095 287 3154 iram
311 3103 398 3174 atque
422 3095 533 3154 animos
560 3113 575 3153 e
600 3093 718 3155 crimine
740 3098 862 3152 sumunt.
948 3103 1000 3156 285

66 3171 136 3234 Unde
158 3175 233 3237 baec
254 3187 381 3237 monstra
404 3187 498 3238 tamen
523 3179 571 3238 vel
595 3196 652 3257 quo
665 3180 701 3239 de
723 3178 820 3253 tonte,
843 3174 989 3256 requiris?

37 3251 180 3320 Praestabat
206 3270 302 3321 castas
325 3261 439 3322 humilis
460 3259 575 3321 fortuna
598 3262 711 3323 Latinas

39 3333 180 3419 Quoniam,
203 3361 259 3404 nec
274 3346 356 3416 ,vitiis
380 3346 508 3423 contingi
531 3363 618 3423 parva
644 3346 776 3406 sinebant

41 3417 108 3484 lecta
127 3426 207 3487 labor
229 3429 381 3507 somnique
401 3429 508 3488 breves
532 3437 562 3488 et
590 3429 701 3490 vellere
722 3429 818 3489 Tusco

41 3500 144 3568 laxatae
165 3511 314 3589 duraeque
334 3530 434 3572 manos
460 3530 495 3573 ao
516 3513 664 3590 proximus
689 3511 752 3594 urbi
947 3520 999 3575 290

746 3591 794 3654 3*
