2438 3994
182 227 222 290 60
512 241 548 288 o.
572 240 644 288 uon.
667 237 853 287 rovnunnrs

182 378 274 452 Quam
295 386 324 437 tc
351 376 504 439 Thersitae
527 379 649 438 similem
671 379 813 456 producat
833 376 975 438 Achilles.

181 459 219 522 Et
242 469 352 537 tamen,
376 470 407 521 ut
428 462 517 539 longe
537 471 654 541 repetas
674 463 821 540 longeque
843 460 981 522 revolvas

181 543 311 621 Nomen,
337 543 373 604 ab
394 545 490 605 infami
506 554 623 622 gentem
643 546 764 608 deducis
786 545 884 620 asylo:

182 625 320 694 llaiorum
341 630 466 706 primus,
489 629 620 707 quisquis
640 631 692 690 fuit
714 629 780 704 ille,
801 638 913 689 tuorum

183 709 241 770 Aut
262 721 362 790 pastor
385 713 438 772 fuit
463 720 511 771 aut
528 711 598 772 illud
621 715 699 793 quod
721 713 820 773 dicere
842 713 922 772 nolo.
1113 718 1172 775 ato

574 907 781 917 ——nn-n

519 1049 820 1116 SATIRAIX.

149 1265 157 1282 ·
181 1160 271 1255 Scire
293 1193 395 1271 velim,
419 1212 509 1273 quare
530 1197 618 1254 toties
638 1194 721 1269 mibi,
746 1192 898 1269 Naerole,
923 1193 1010 1253 tristis

181 1279 325 1339 Occurras
346 1277 442 1339 fronte
465 1278 605 1354 obducta,
630 1296 684 1338 ceu
705 1276 821 1351 Marsya
840 1278 945 1336 rictus.

182 1361 257 1436 Quid
277 1360 329 1421 tibi
354 1379 418 1421 oum
439 1363 534 1439 uultu,
557 1361 671 1440 qualem
695 1361 857 1439 deprensus
876 1358 1004 1420 babebat

182 1442 308 1520 Revela,
332 1445 396 1504 dum
418 1444 577 1524 Rhodopes
595 1445 651 1505 uda
671 1445 739 1504 terit
760 1443 875 1521 inguina
897 1438 1009 1503 barba?

181 1527 243 1589 Nos
266 1527 419 1606 colaphum
439 1530 589 1589 incutimus
613 1527 748 1588 lambenti
770 1524 897 1588 crustula
919 1541 1018 1586 servo.

184 1611 246 1672 lon
272 1621 334 1670 erat
355 1612 410 1670 hac
429 1612 504 1671 facie
526 1611 719 1672 miserabilior
741 1609 918 1689 Crepereius

182 1694 291 1769 Pollio,
318 1695 366 1772 qui
387 1695 531 1772 triplicem
556 1712 668 1754 usuram
690 1703 840 1772 praestare
864 1700 983 1771 paratus

183 1776 319 1838 circumit
344 1786 373 1836 ct
393 1776 488 1838 fatuos
509 1795 567 1838 non
587 1779 704 1837 invenit.
740 1777 823 1837 Unde
844 1784 966 1854 repente

183 1861 239 1922 'lot
259 1857 370 1937 rugae?
399 1871 480 1921 certe
500 1862 613 1922 modico
636 1869 785 1920 contentus
804 1859 915 1937 agebas

181 1945 308 2004 Vemam
331 1945 473 2023 equitem,
496 1947 617 2006 conviva
638 1946 705 2005 ioco
731 1943 881 2004 mordente
906 1943 1020 2003 facetus
1135 1957 1172 2008 ιο

182 2029 219 2089 Et
241 2027 349 2088 salibus
371 2028 529 2089 vehemens
549 2031 623 2089 intra
643 2030 794 2107 pomoeria
813 2029 897 2087 natis.

183 2111 284 2172 Omnia
306 2129 381 2171 nunc
408 2122 522 2174 eontra:
542 2113 638 2173 vultus
659 2114 775 2189 gravis,
798 2110 916 2170 horrida
937 2111 1037 2169 siccae

183 2195 262 2255 Silva
283 2211 401 2270 comae,
421 2195 515 2255 nullus
536 2205 597 2256 tota
618 2197 693 2255 nitor
713 2197 742 2255 in
762 2203 843 2269 cute,
868 2193 982 2270 qualem

182 2276 290 2337 Bruttia
312 2276 479 2355 praestabat
500 2279 585 2338 calidi
604 2278 655 2337 tibi
676 2279 768 2338 fascia
788 2276 872 2350 visci,

184 2359 242 2421 Sed
262 2359 414 2419 fruticante
436 2360 497 2437 pilo
519 2360 655 2436 neglecta
678 2369 707 2419 et
728 2357 860 2437 squalida
881 2374 974 2418 crura.
1135 2372 1169 2423 15

184 2441 258 2515 Quid
281 2443 388 2501 macies
408 2443 488 2518 aegri
511 2443 636 2517 veteris,
661 2461 746 2521 quem
767 2450 899 2519 tempore
920 2441 1010 2519 longo

183 2525 288 2585 Torret
311 2533 410 2602 quarta
435 2525 499 2585 dies
519 2526 645 2604 olimque
667 2526 825 2586 domestica
847 2523 960 2584 febris‘l

183 2606 355 2685 Deprendas
376 2609 460 2668 animi
485 2618 625 2669 tormenta
647 2609 763 2669 latentis
783 2609 813 2668 iu
832 2625 923 2687 aegro

185 2689 334 2768 Corpore,
355 2691 517 2770 deprendas
537 2702 566 2753 et
586 2692 703 2770 gaudia;
727 2693 812 2751 sumit
833 2702 984 2771 utrumque

182 2774 253 2834 lnde
275 2773 400 2834 habitum
419 2776 521 2836 facies.
554 2775 644 2853 Igitur
658 2776 777 2836 flexisse
797 2775 905 2836 videris
1131 2786 1168 2836 20

184 2857 366 2936 Propositum
391 2868 420 2918 et
440 2860 517 2919 ritae
539 2860 699 2919 contrarius
720 2861 762 2919 ire
788 2860 888 2937 priori.

184 2939 283 3018 Nuper
303 2942 394 3018 enim,
417 2951 447 3002 ut
467 2951 586 3020 repeto,
609 2943 704 3002 fanum
724 2942 809 3003 Isidis
828 2951 857 3002 ct
877 2940 1070 3017 Ganymedem

183 3023 267 3084 Pacis
291 3032 320 3083 et
341 3025 482 3085 advectae
504 3034 620 3085 secreta
644 3025 751 3104 palatia
773 3024 872 3084 Matris

184 3105 221 3165 Et
241 3103 380 3166 Cererem
401 3108 480 3186 (nam
503 3124 559 3186 quo
583 3126 640 3168 non
662 3117 773 3187 prostat
796 3109 901 3168 femina
921 3106 1068 3186 templol)

184 3187 288 3248 Notior
311 3188 427 3250 Aufidio
449 3190 588 3251 moeebus
615 3192 764 3252 scelerare
786 3191 917 3268 solebas,
1129 3199 1164 3252 Ἃ

185 3269 327 3350 Quodque
351 3282 449 3350 taces,
476 3275 557 3353 ipsos
582 3277 667 3336 etiam
689 3275 827 3335 inclinare
848 3275 975 3335 maritos.

227 3355 327 3428 „Utile
348 3363 378 3415 et
398 3355 455 3417 boo
474 3358 569 3418 multis
589 3359 666 3420 vitae
687 3376 795 3436 genum
817 3367 846 3419 at
867 3357 934 3417 mibi
955 3356 1062 3417 nullum
1206 3355 1207 3422 l

183 3435 254 3501 Inde
276 3455 387 3517 operae
408 3442 538 3518 pretium.
575 3441 701 3521 Pingues
722 3442 875 3520 aliquando
899 3441 1041 3517 lacernas,
