2438 3994
212 287 272 349 too
540 297 662 346 u.1nn.
680 296 865 345 tuvnuanrs

211 440 261 500 Sic
284 438 386 516 aliquis
410 437 511 497 merito
530 438 655 498 nondum
678 437 775 497 ebrius
799 445 828 496 et
850 437 993 496 minimum
1014 438 1063 515 qui

211 522 256 582 lle
278 519 445 595 Corcyraea
467 530 604 581 temetum
628 521 750 581 duxerat
770 537 854 588 uma;
1167 529 1205 584 25

211 605 298 666 Solus
321 603 610 667 enimbaecltbacus
633 605 712 665 nullo
735 604 788 664 sub
810 612 885 663 teste
909 601 1041 662 canebat.

212 688 274 749 Nos
298 687 425 748 miranda
450 687 581 766 quidem,
607 689 659 748 sed
683 706 776 766 nuper
797 686 917 747 consule
941 683 1030 745 Iunco

213 771 302 834 Gesta
324 790 414 850 super
437 770 548 832 calidae
570 772 732 832 referemus
754 772 867 831 moenia
890 767 988 848 Copti,

211 854 273 936 llos
295 855 375 934 vulgi
399 854 497 915 scelus
520 865 550 914 et
573 857 681 916 cunctis
703 857 839 933 graviora
863 854 1019 914 cothurnis.

212 937 284 999 Nam
300 939 413 1014 scelus,
433 937 571 1013 aPyrrlra
589 957 759 1019 quamquam
779 939 873 998 omnia
893 945 1018 1012 spumata
1036 936 1154 1011 volvas,
1167 945 1202 998 30

212 1020 314 1082 Nullus
337 1021 413 1101 apud
435 1024 564 1098 tragicos
587 1021 712 1101 populns
734 1022 819 1091 iacit;
844 1023 965 1099 accipe,
990 1029 1091 1079 nostro

212 1105 281 1166 Dira
304 1105 382 1184 quod
402 1105 566 1182 exemplum
589 1105 690 1166 ieritas
712 1105 883 1184 produxerit
903 1121 988 1163 acro.

255 1189 333 1249 Inter
359 1189 493 1249 finitimos
515 1198 600 1248 vatus
626 1198 713 1266 atque
739 1190 854 1266 antiqua
877 1187 1019 1262 simultas,

213 1271 376 1333 bnmortale
403 1271 498 1332 odium
522 1281 550 1331 et
572 1289 723 1352 numquam
747 1271 877 1332 sanabile
898 1271 1001 1331 vulnus

213 1356 307 1417 Ardet
328 1354 437 1432 adbuc,
461 1353 569 1416 Ombos
595 1366 625 1417 ct
646 1354 782 1432 Tentyra.
817 1355 949 1415 Summus
970 1354 1113 1432 utrimque
1165 1362 1200 1416 35

213 1440 283 1500 lnde
303 1440 383 1499 iuror
404 1439 512 1517 vulgo,
534 1438 611 1518 quod
629 1441 741 1500 nomina
767 1439 927 1498 vicinorum

215 1522 281 1583 Odit
305 1533 428 1602 uterque
451 1523 552 1600 locus,
577 1524 767 1602 quumsolos
792 1522 893 1582 credat
914 1520 1065 1581 habendos

214 1606 291 1666 Esse
314 1607 401 1682 deos,
425 1624 499 1685 quos
521 1610 585 1684 ipse
609 1606 688 1666 colit.
721 1607 780 1666 Sed
801 1615 933 1685 tempore
957 1601 1047 1664 iesto'

214 1689 344 1749 Alterius
367 1688 468 1766 populi
490 1689 627 1766 rapienda
652 1692 769 1749 occasio
794 1691 905 1749 cunctis

214 1771 284 1831 Visa
305 1772 483 1830 inimicorum
505 1770 679 1849 primoribus
701 1789 735 1832 ac
759 1771 896 1848 ducibus,
919 1790 957 1831 ne
1166 1781 1200 1834 40

216 1853 332 1916 Laetum
353 1852 532 1930 hilaremque
554 1853 647 1929 diem,
670 1871 708 1913 nc
731 1871 854 1932 magnae
873 1855 979 1933 gaudia
1000 1873 1112 1917 cocnae

216 1938 377 2012 Sentirent,
400 1937 504 2014 positis
525 1935 561 1996 ud
584 1936 691 2014 templa
716 1946 744 1997 et
767 1938 892 2016 compita
914 1942 1021 1999 mensis

215 2020 409 2098 Pervigiliqae
435 2028 517 2093 toro,
541 2036 626 2096 quem
650 2029 737 2081 nocte
762 2041 797 2082 ac
819 2021 886 2082 luce
908 2023 1051 2083 iacentem

216 2105 360 2181 Septimus
382 2101 523 2160 interdum
546 2102 591 2162 sol
613 2104 729 2163 invenit.
758 2103 883 2166 llorrida
904 2123 974 2166 sane

216 2186 386 2264 Aegyptus,
413 2183 466 2243 scd
492 2184 620 2261 luxuria,
644 2197 777 2265 quantum
802 2190 868 2266 ipse
890 2191 998 2266 notari,

215 2269 341 2329 Barbara
363 2267 475 2327 famoso
498 2284 555 2327 non
578 2268 656 2328 cedit
677 2271 760 2331 turba
785 2268 917 2350 Canopo.

216 2351 317 2427 Adde,
344 2351 421 2429 quod
443 2360 472 2411 et
493 2351 587 2411 facilis
609 2354 731 2412 victoria
752 2354 790 2414 dc
813 2355 932 2414 madidis
957 2365 986 2415 et

216 2435 328 2494 Blaesis
353 2443 439 2512 atque
462 2451 543 2494 mero
566 2434 767 2495 titubantibus:
790 2437 856 2496 inde
877 2438 1007 2498 virorum

218 2516 342 2578 Saltatus
365 2519 448 2595 nigro
470 2516 605 2593 tibicine,
629 2519 850 2598 qualiacumque

216 2601 370 2679 Unguenta
393 2611 423 2662 et
444 2601 533 2662 dores
554 2602 719 2682 multaeque
741 2605 769 2661 in
792 2604 886 2663 irontc
910 2621 1053 2675 coronae;

209 2685 288 2746 llinc
312 2687 436 2746 ieiunum
461 2686 566 2746 odium.
599 2686 659 2746 Scd
683 2689 774 2764 iurgia
797 2688 886 2766 prima
908 2703 1014 2748 sonare
1073 2694 1077 2707 ‘

216 2769 358 2847 Incipiunt
382 2771 481 2828 animis
504 2769 686 2844 ardentibus,
709 2771 783 2830 baec
804 2769 872 2830 tuba
894 2772 991 2840 rixac;

216 2853 292 2913 Dein
313 2853 441 2913 clamore
464 2854 527 2932 pari
550 2854 747 2930 concurritur,
774 2862 803 2913 et
824 2855 889 2914 vioe
910 2855 962 2914 teli

218 2938 318 2996 Saevit
338 2937 413 2996 nuda
435 2955 546 3005 manum
569 2955 681 3016 paucae
704 2939 766 2997 sine
787 2937 908 2998 vulnere
930 2939 1034 3016 malae,
1104 2971 1112 2982 ·

216 3019 274 3079 Vix
297 3021 428 3098 cuiquam
451 3029 498 3080 aut
518 3019 588 3080 nulli
609 3029 672 3080 toto
697 3023 851 3081 certamine
873 3039 958 3082 nasus

216 3102 350 3178 integer,
373 3104 523 3181 aspiceres
545 3105 599 3165 iam
623 3115 723 3166 cuncta
744 3124 799 3185 per
819 3107 931 3183 agmina
954 3106 1049 3167 vultus

217 3182 374 3261 Dimidios,
401 3185 473 3246 alias
498 3187 590 3247 iacies
613 3197 641 3247 et
664 3187 768 3250 hiantia
794 3191 885 3267 ruptis

219 3267 293 3327 Ossa
313 3270 414 3346 genis,
437 3269 542 3347 plenos
565 3272 713 3332 oculorum
736 3275 874 3351 sanguine
896 3290 1020 3351 pugnos.

217 3349 331 3412 Ludere
354 3371 388 3412 se
412 3352 532 3414 credunt
552 3356 609 3433 ipsi
631 3365 726 3416 tamen
752 3365 782 3416 et
802 3356 932 3436 pueriles

218 3433 369 3495 Exerccrc
390 3437 487 3513 acies,
508 3438 584 3516 quod
607 3439 684 3500 nulla
707 3440 848 3502 cadavera
870 3440 998 3509 calcent;
1163 3353 1212 3535 601

219 3513 257 3575 Et
275 3535 345 3578 sane
367 3536 425 3598 quo
449 3530 491 3580 tot
512 3524 631 3584 rixantis
652 3525 728 3585 milia
765 3524 877 3601 turbae,
