2438 3994
380 260 506 307 SATIRA
528 261 600 309 XIV.

12 399 132 462 Materia
158 407 295 458 constare
320 405 401 475 putat
428 397 606 476 paribusque
631 399 793 474 elementis,

13 487 58 545 Au
79 483 196 544 saevire
219 482 307 541 docet
330 479 460 557 Rutilus,
491 483 539 559 qui
561 482 668 558 gaudet
688 483 799 543 acerbo

12 570 166 646 Plagarum
192 566 312 643 strepitu
336 573 365 624 ct
387 564 494 624 nullam
516 566 618 625 Sirena
642 565 768 643 flagellis

13 651 186 730 Comparat,
210 648 382 727 Antiphates
404 650 509 727 trepidi
531 649 599 709 laris
617 667 651 709 ac
672 649 878 728 Polyphemus,
964 663 999 715 20

12 737 94 796 Tunc
114 735 206 810 felix,
232 734 348 812 quoties
373 732 476 811 aliquis
499 741 612 792 tortore
636 743 742 794 vocato

11 821 110 881 Uritur
134 819 247 878 ardenti
270 817 326 876 duo
352 825 474 895 propter
496 817 585 877 lintea
605 815 708 877 lerro‘l

13 904 88 978 Quid
109 901 214 962 suadet
235 902 332 960 iuueni
355 901 448 960 laetus
472 899 597 960 stridore
620 911 751 978 catenae,

14 988 105 1061 Quem
127 987 199 1046 mire
224 985 352 1045 afliciunt
371 986 510 1063 inscripta
533 985 697 1063 ergastula,
722 983 846 1046 carcer?

14 1071 149 1131 Rusticus
175 1078 349 1148 exspectas,
375 1076 486 1128 utnon
509 1070 546 1129 sit
569 1068 698 1129 adultera
720 1068 832 1146 Largae
964 1081 1000 1134 25

14 1155 100 1231 Filia,
128 1171 203 1234 quae
227 1168 378 1230 numquam
399 1161 545 1212 maternos
568 1152 667 1213 dicere
688 1153 828 1213 moechos

14 1239 81 1298 Tam
106 1240 165 1298 cito
188 1256 244 1297 nec
270 1245 348 1297 tanto
375 1238 483 1315 poterit
505 1245 664 1297 contexere
689 1256 785 1312 cursu,

14 1323 49 1382 Ut
71 1339 130 1381 non
152 1321 320 1383 terdecies
346 1317 496 1398 respiret?
525 1323 642 1380 conscia
665 1323 747 1381 matri

15 1407 103 1484 Virgo
129 1406 197 1474 luit;
220 1423 305 1466 ceras
332 1422 407 1464 nunc
429 1403 483 1464 bac
507 1404 633 1464 dictante
659 1404 781 1483 pusillas

12 1490 117 1569 lmplet
142 1498 171 1549 et
193 1488 228 1549 ad
250 1487 402 1548 moechum
426 1487 475 1548 dat
496 1488 604 1548 eisdem
627 1488 706 1548 lerre
730 1489 869 1549 cinaedis
964 1499 999 1552 30

4 1569 60 1650 lSic
86 1582 188 1634 natura
212 1571 306 1632 iubet:
330 1572 462 1632 uelocius
485 1581 516 1631 et
537 1572 621 1632 citius
642 1589 696 1632 nos

4 1657 207 1734 Corrumpunt
228 1656 362 1716 vitiorum
389 1655 540 1734 exempla,
567 1655 727 1717 domestica
751 1659 862 1733 magnis

4 1717 105 1815 iQuum
130 1740 253 1801 subeunt
280 1741 390 1800 animos
416 1739 593 1800 auctoribus.
631 1739 710 1800 Unus
735 1749 765 1800 et
786 1740 861 1801 alter

4 1801 146 1888 idoneitan
175 1824 249 1884 baec
276 1832 414 1903 spernant
437 1824 576 1900 iuvenes,
602 1823 706 1902 quibus
730 1833 792 1884 arte
818 1824 941 1902 benigna

4 1907 47 1974 itit
70 1908 196 1969 meliore
222 1907 283 1968 luto
307 1908 387 1968 linxit
410 1908 583 1986 praecordia
606 1906 701 1976 Titan:
963 1919 997 1972 35

4 1994 69 2054 ÷Sed
92 1992 224 2071 reliquos
250 1991 388 2068 fugienda
411 2000 523 2070 patrum
547 1991 674 2068 vestigia
696 1993 804 2052 ducunt

4 2075 47 2137 ,llt
67 2084 226 2137 monstrata
248 2075 310 2134 diu
318 2076 428 2134 veteris
453 2076 540 2137 trabit
562 2074 656 2134 orbita
681 2075 796 2152 culpae.

16 2161 167 2220 Abstineas
193 2160 281 2237 igitur
304 2158 482 2228 damnandis;
508 2159 591 2219 huius
619 2159 693 2218 enim
714 2159 763 2218 vel

16 2243 72 2304 Una
94 2247 199 2323 potens
222 2244 296 2302 ratio
321 2252 382 2318 est,
407 2261 443 2303 ne
470 2245 586 2302 crimina
608 2251 707 2303 nostra
729 2252 887 2322 sequantur

18 2328 56 2388 llx
74 2327 159 2388 nobis
181 2327 290 2404 geniti,
319 2328 454 2408 quoniam
480 2326 591 2387 dociles
614 2323 757 2387 imitandis
965 2337 999 2389 40

18 2411 157 2490 Turpibus
183 2428 218 2471 ac
241 2412 338 2489 pravis
363 2428 463 2471 omnes
486 2430 596 2478 sumus:
625 2420 654 2471 et
680 2409 830 2472 Catilinam

18 2495 202 2573 Quocumque
222 2495 251 2553 in
274 2495 384 2574 populo
408 2494 525 2571 videas,
551 2513 734 2575 quocumque
757 2495 810 2556 sub
835 2514 900 2570 axe,

17 2579 69 2640 Sed
95 2597 153 2638 nec
173 2577 276 2637 Brutus
301 2580 371 2655 erit,
393 2579 473 2639 Bruti
496 2596 551 2638 nec
574 2580 734 2639 avunculus
757 2597 887 2657 usquam.

16 2661 57 2722 Nil
79 2664 159 2724 dictu
181 2661 298 2721 ioedum
320 2665 442 2741 visuque
464 2662 538 2722 haec
565 2662 660 2721 limina
682 2670 790 2740 tangat,

16 2745 85 2806 lutra
111 2763 186 2824 quae
209 2754 294 2824 pater
315 2754 375 2815 est;
401 2745 520 2825 procul,
545 2745 580 2805 ab
603 2745 707 2823 procul
729 2746 795 2806 inde
818 2746 936 2825 puellae
965 2755 998 2809 46

16 2829 157 2889 lenonum
184 2839 213 2890 et
236 2839 336 2891 cantus
362 2831 560 2909 pernoctantis
584 2829 718 2907 parasiti!

16 2912 134 2974 blaxima
157 2913 281 2975 debetur
303 2931 397 2993 puero
419 2914 599 2973 reverentia:
624 2913 648 2970 si
673 2913 740 2990 quid

18 2996 108 3077 Turpe
135 3016 238 3076 paras,
265 3017 320 3058 nec
346 3007 375 3058 tu
398 2998 482 3076 pueri
506 2997 715 3073 contempseris
738 3012 839 3072 annos,

18 3082 68 3141 Sed
92 3091 254 3161 peccaturo
276 3081 374 3142 obstet
399 3081 449 3141 tibi
476 3081 551 3142 lilius
574 3080 677 3139 iulans.

19 3163 81 3224 Nam
108 3167 132 3224 si
161 3165 230 3244 quid
256 3166 372 3244 dignum
400 3167 532 3225 censoris
558 3165 663 3225 lecerit
686 3165 728 3223 ira
964 3171 998 3225 50

21 3246 195 3328 Quandoque
223 3259 251 3308 et
274 3249 396 3309 similem
418 3249 469 3309 tibi
496 3268 529 3310 se
555 3265 612 3308 nou
635 3264 763 3326 corpore
787 3255 894 3306 tantum

20 3329 73 3391 Nec
95 3332 177 3393 vultu
205 3333 336 3410 dederit,
363 3351 474 3393 morum
499 3351 617 3413 quoque
641 3331 717 3392 lilius
739 3340 768 3392 et
792 3334 839 3411 qui

22 3412 112 3478 Omnia
139 3416 269 3477 deterius
291 3429 339 3479 tua
366 3436 420 3496 per
442 3419 566 3495 vestigia
589 3425 705 3496 peccet,

22 3495 163 3580 Gomipies
190 3502 320 3562 nimirum
344 3510 374 3562 et
396 3501 553 3579 castigabis
575 3499 684 3561 acerbo
