<?xml version="1.0" encoding="UTF-8"?>
<!DOCTYPE html PUBLIC "-//W3C//DTD XHTML 1.0 Transitional//EN"
    "http://www.w3.org/TR/xhtml1/DTD/xhtml1-transitional.dtd">
<html xmlns="http://www.w3.org/1999/xhtml" xml:lang="en" lang="en">
 <head>
  <title>
</title>
<meta http-equiv="Content-Type" content="text/html;charset=utf-8" />
  <meta name='ocr-system' content='tesseract 3.04.00' />
  <meta name='ocr-capabilities' content='ocr_page ocr_carea ocr_par ocr_line ocrx_word'/>
</head>
<body>
  <div class='ocr_page' id='page_1' title='image "./satirarumlibriq02juvegoog_0076.png"; bbox 0 0 2444 3984; ppageno 0'>
   <div class='ocr_carea' id='block_1_1' title="bbox 414 249 999 310">
    <p class='ocr_par' dir='ltr' id='par_1_1' title="bbox 414 249 999 310">
     <span class='ocr_line' id='line_1_1' title="bbox 414 249 999 310; baseline 0.007 -7"><span class='ocrx_word' id='word_1_1' title='bbox 414 256 539 304; x_wconf 74' lang='lat' dir='ltr'><strong>sanine</strong></span> <span class='ocrx_word' id='word_1_2' title='bbox 559 256 607 304; x_wconf 79' lang='lat' dir='ltr'><strong>un.</strong></span> <span class='ocrx_word' id='word_1_3' title='bbox 962 249 999 310; x_wconf 81' lang='lat' dir='ltr'><strong>tt</strong></span> 
     </span>
    </p>
   </div>
   <div class='ocr_carea' id='block_1_2' title="bbox 24 371 846 477">
    <p class='ocr_par' dir='ltr' id='par_1_2' title="bbox 24 371 846 477">
     <span class='ocr_line' id='line_1_2' title="bbox 24 371 846 477; baseline -0.001 -19"><span class='ocrx_word' id='word_1_4' title='bbox 24 397 158 458; x_wconf 80' lang='lat' dir='ltr'><strong>Verberat</strong></span> <span class='ocrx_word' id='word_1_5' title='bbox 183 371 270 477; x_wconf 83' lang='lat' dir='ltr'><strong>atque</strong></span> <span class='ocrx_word' id='word_1_6' title='bbox 291 397 387 458; x_wconf 87' lang='lat' dir='ltr'><strong>obiter</strong></span> <span class='ocrx_word' id='word_1_7' title='bbox 411 396 516 457; x_wconf 90' lang='lat' dir='ltr'><strong>faciem</strong></span> <span class='ocrx_word' id='word_1_8' title='bbox 539 395 615 474; x_wconf 90' lang='lat' dir='ltr'><strong>linit,</strong></span> <span class='ocrx_word' id='word_1_9' title='bbox 639 397 846 462; x_wconf 83' lang='lat' dir='ltr'><strong>auditamicas</strong></span> 
     </span>
    </p>
   </div>
   <div class='ocr_carea' id='block_1_3' title="bbox 24 478 1006 3572">
    <p class='ocr_par' dir='ltr' id='par_1_3' title="bbox 24 478 1006 2655">
     <span class='ocr_line' id='line_1_3' title="bbox 24 478 723 560; baseline -0.001 -19"><span class='ocrx_word' id='word_1_10' title='bbox 24 483 71 541; x_wconf 81' lang='lat' dir='ltr'><strong>dut</strong></span> <span class='ocrx_word' id='word_1_11' title='bbox 92 482 181 542; x_wconf 88' lang='lat' dir='ltr'><strong>latum</strong></span> <span class='ocrx_word' id='word_1_12' title='bbox 202 483 301 560; x_wconf 87' lang='lat' dir='ltr'><strong>pictae</strong></span> <span class='ocrx_word' id='word_1_13' title='bbox 320 482 411 540; x_wconf 84' lang='lat' dir='ltr'><strong>vestis</strong></span> <span class='ocrx_word' id='word_1_14' title='bbox 437 478 603 540; x_wconf 87' lang='lat' dir='ltr'><strong>considerat</strong></span> <span class='ocrx_word' id='word_1_15' title='bbox 626 498 723 540; x_wconf 90' lang='lat' dir='ltr'><strong>aurum</strong></span> 
     </span>
     <span class='ocr_line' id='line_1_4' title="bbox 24 564 715 643; baseline -0.003 -17"><span class='ocrx_word' id='word_1_16' title='bbox 24 565 52 626; x_wconf 85' lang='lat' dir='ltr'><strong>llt</strong></span> <span class='ocrx_word' id='word_1_17' title='bbox 73 566 182 635; x_wconf 90' lang='lat' dir='ltr'><strong>caedit;</strong></span> <span class='ocrx_word' id='word_1_18' title='bbox 206 566 287 643; x_wconf 87' lang='lat' dir='ltr'><strong>longi</strong></span> <span class='ocrx_word' id='word_1_19' title='bbox 308 565 417 642; x_wconf 86' lang='lat' dir='ltr'><strong>relegit</strong></span> <span class='ocrx_word' id='word_1_20' title='bbox 435 573 601 624; x_wconf 84' lang='lat' dir='ltr'><strong>transversa</strong></span> <span class='ocrx_word' id='word_1_21' title='bbox 623 564 715 625; x_wconf 90' lang='lat' dir='ltr'><strong>diurni</strong></span> 
     </span>
     <span class='ocr_line' id='line_1_5' title="bbox 24 647 732 726; baseline 0 -18"><span class='ocrx_word' id='word_1_22' title='bbox 24 650 53 708; x_wconf 83' lang='lat' dir='ltr'><strong>lit</strong></span> <span class='ocrx_word' id='word_1_23' title='bbox 74 650 188 726; x_wconf 90' lang='lat' dir='ltr'><strong>caedit,</strong></span> <span class='ocrx_word' id='word_1_24' title='bbox 210 649 306 710; x_wconf 92' lang='lat' dir='ltr'><strong>donec</strong></span> <span class='ocrx_word' id='word_1_25' title='bbox 328 648 416 710; x_wconf 88' lang='lat' dir='ltr'><strong>lassis</strong></span> <span class='ocrx_word' id='word_1_26' title='bbox 439 647 644 708; x_wconf 91' lang='lat' dir='ltr'><strong>caedentibus:</strong></span> <span class='ocrx_word' id='word_1_27' title='bbox 669 649 732 709; x_wconf 86' lang='lat' dir='ltr'><strong>exi!</strong></span> 
     </span>
     <span class='ocr_line' id='line_1_6' title="bbox 24 732 1004 810; baseline -0.001 -18"><span class='ocrx_word' id='word_1_28' title='bbox 24 732 127 793; x_wconf 90' lang='lat' dir='ltr'><strong>intonet</strong></span> <span class='ocrx_word' id='word_1_29' title='bbox 149 732 343 810; x_wconf 90' lang='lat' dir='ltr'><strong>horrendum,</strong></span> <span class='ocrx_word' id='word_1_30' title='bbox 365 734 421 792; x_wconf 89' lang='lat' dir='ltr'><strong>ianr</strong></span> <span class='ocrx_word' id='word_1_31' title='bbox 442 732 609 810; x_wconf 75' lang='lat' dir='ltr'><strong>cognitione</strong></span> <span class='ocrx_word' id='word_1_32' title='bbox 631 740 762 810; x_wconf 88' lang='lat' dir='ltr'><strong>peracta.</strong></span> <span class='ocrx_word' id='word_1_33' title='bbox 953 745 1004 800; x_wconf 76' lang='lat'><strong>485</strong></span> 
     </span>
     <span class='ocr_line' id='line_1_7' title="bbox 24 815 744 878; baseline -0.003 -2"><span class='ocrx_word' id='word_1_34' title='bbox 24 817 203 877; x_wconf 77' lang='lat' dir='ltr'><strong>Praefectura</strong></span> <span class='ocrx_word' id='word_1_35' title='bbox 229 817 331 878; x_wconf 86' lang='lat' dir='ltr'><strong>domus</strong></span> <span class='ocrx_word' id='word_1_36' title='bbox 353 815 451 876; x_wconf 85' lang='lat' dir='ltr'><strong>Sicula</strong></span> <span class='ocrx_word' id='word_1_37' title='bbox 471 831 530 875; x_wconf 93' lang='lat' dir='ltr'><strong>non</strong></span> <span class='ocrx_word' id='word_1_38' title='bbox 550 816 646 875; x_wconf 89' lang='lat' dir='ltr'><strong>mitior</strong></span> <span class='ocrx_word' id='word_1_39' title='bbox 669 816 744 876; x_wconf 89' lang='lat' dir='ltr'><strong>aula.</strong></span> 
     </span>
     <span class='ocr_line' id='line_1_8' title="bbox 24 898 759 978; baseline 0 -18"><span class='ocrx_word' id='word_1_40' title='bbox 24 899 85 960; x_wconf 85' lang='lat' dir='ltr'><strong>iiam</strong></span> <span class='ocrx_word' id='word_1_41' title='bbox 107 902 132 959; x_wconf 92' lang='lat' dir='ltr'><strong>si</strong></span> <span class='ocrx_word' id='word_1_42' title='bbox 155 902 306 961; x_wconf 91' lang='lat' dir='ltr'><strong>constituit</strong></span> <span class='ocrx_word' id='word_1_43' title='bbox 327 900 475 977; x_wconf 92' lang='lat' dir='ltr'><strong>solitoque</strong></span> <span class='ocrx_word' id='word_1_44' title='bbox 499 898 651 959; x_wconf 80' lang='lat' dir='ltr'><strong>decentius</strong></span> <span class='ocrx_word' id='word_1_45' title='bbox 677 908 759 978; x_wconf 92' lang='lat' dir='ltr'><strong>optat</strong></span> 
     </span>
     <span class='ocr_line' id='line_1_9' title="bbox 24 983 842 1064; baseline 0.002 -22"><span class='ocrx_word' id='word_1_46' title='bbox 24 983 115 1043; x_wconf 83' lang='lat' dir='ltr'><strong>limari</strong></span> <span class='ocrx_word' id='word_1_47' title='bbox 137 993 168 1044; x_wconf 92' lang='lat' dir='ltr'><strong>et</strong></span> <span class='ocrx_word' id='word_1_48' title='bbox 191 994 332 1064; x_wconf 86' lang='lat' dir='ltr'><strong>properat</strong></span> <span class='ocrx_word' id='word_1_49' title='bbox 354 986 469 1062; x_wconf 89' lang='lat' dir='ltr'><strong>iamque</strong></span> <span class='ocrx_word' id='word_1_50' title='bbox 492 992 680 1062; x_wconf 79' lang='lat' dir='ltr'><strong>exspectatur</strong></span> <span class='ocrx_word' id='word_1_51' title='bbox 701 985 729 1042; x_wconf 93' lang='lat' dir='ltr'><strong>in</strong></span> <span class='ocrx_word' id='word_1_52' title='bbox 751 983 842 1044; x_wconf 92' lang='lat' dir='ltr'><strong>hortis</strong></span> 
     </span>
     <span class='ocr_line' id='line_1_10' title="bbox 24 1067 699 1148; baseline 0.003 -22"><span class='ocrx_word' id='word_1_53' title='bbox 24 1069 74 1126; x_wconf 84' lang='lat' dir='ltr'><strong>dut</strong></span> <span class='ocrx_word' id='word_1_54' title='bbox 94 1067 171 1146; x_wconf 88' lang='lat' dir='ltr'><strong>apud</strong></span> <span class='ocrx_word' id='word_1_55' title='bbox 197 1068 310 1129; x_wconf 78' lang='lat' dir='ltr'><strong>Isiacae</strong></span> <span class='ocrx_word' id='word_1_56' title='bbox 333 1069 430 1148; x_wconf 92' lang='lat' dir='ltr'><strong>potius</strong></span> <span class='ocrx_word' id='word_1_57' title='bbox 452 1068 579 1128; x_wconf 87' lang='lat' dir='ltr'><strong>sacraria</strong></span> <span class='ocrx_word' id='word_1_58' title='bbox 603 1067 699 1145; x_wconf 89' lang='lat' dir='ltr'><strong>lenae,</strong></span> 
     </span>
     <span class='ocr_line' id='line_1_11' title="bbox 24 1151 1006 1230; baseline 0.009 -21"><span class='ocrx_word' id='word_1_59' title='bbox 24 1151 150 1229; x_wconf 82' lang='lat' dir='ltr'><strong>Disponit</strong></span> <span class='ocrx_word' id='word_1_60' title='bbox 175 1153 302 1229; x_wconf 78' lang='lat' dir='ltr'><strong>crinenq,</strong></span> <span class='ocrx_word' id='word_1_61' title='bbox 325 1151 461 1213; x_wconf 88' lang='lat' dir='ltr'><strong>laceratis</strong></span> <span class='ocrx_word' id='word_1_62' title='bbox 485 1152 550 1230; x_wconf 90' lang='lat' dir='ltr'><strong>ipsa</strong></span> <span class='ocrx_word' id='word_1_63' title='bbox 573 1151 699 1230; x_wconf 91' lang='lat' dir='ltr'><strong>capillis,</strong></span> <span class='ocrx_word' id='word_1_64' title='bbox 954 1165 1006 1218; x_wconf 82' lang='lat'><strong>490</strong></span> 
     </span>
     <span class='ocr_line' id='line_1_12' title="bbox 24 1233 826 1315; baseline 0.002 -23"><span class='ocrx_word' id='word_1_65' title='bbox 24 1233 96 1294; x_wconf 88' lang='lat' dir='ltr'><strong>Nuda</strong></span> <span class='ocrx_word' id='word_1_66' title='bbox 119 1235 243 1295; x_wconf 90' lang='lat' dir='ltr'><strong>humero</strong></span> <span class='ocrx_word' id='word_1_67' title='bbox 265 1234 373 1296; x_wconf 86' lang='lat' dir='ltr'><strong>Psecas</strong></span> <span class='ocrx_word' id='word_1_68' title='bbox 394 1235 497 1295; x_wconf 81' lang='lat' dir='ltr'><strong>infelix</strong></span> <span class='ocrx_word' id='word_1_69' title='bbox 518 1235 661 1315; x_wconf 90' lang='lat' dir='ltr'><strong>nudisque</strong></span> <span class='ocrx_word' id='word_1_70' title='bbox 684 1236 826 1297; x_wconf 86' lang='lat' dir='ltr'><strong>mamillis.</strong></span> 
     </span>
     <span class='ocr_line' id='line_1_13' title="bbox 26 1316 719 1399; baseline 0.001 -23"><span class='ocrx_word' id='word_1_71' title='bbox 26 1318 111 1378; x_wconf 81' lang='lat' dir='ltr'><strong>ditior</strong></span> <span class='ocrx_word' id='word_1_72' title='bbox 131 1319 182 1379; x_wconf 89' lang='lat' dir='ltr'><strong>hic</strong></span> <span class='ocrx_word' id='word_1_73' title='bbox 204 1337 295 1399; x_wconf 87' lang='lat' dir='ltr'><strong>quare</strong></span> <span class='ocrx_word' id='word_1_74' title='bbox 319 1316 488 1379; x_wconf 81' lang='lat' dir='ltr'><strong>cincinnus?</strong></span> <span class='ocrx_word' id='word_1_75' title='bbox 516 1326 618 1379; x_wconf 88' lang='lat' dir='ltr'><strong>taurea</strong></span> <span class='ocrx_word' id='word_1_76' title='bbox 639 1320 719 1397; x_wconf 94' lang='lat' dir='ltr'><strong>punit</strong></span> 
     </span>
     <span class='ocr_line' id='line_1_14' title="bbox 25 1399 707 1480; baseline 0.001 -21"><span class='ocrx_word' id='word_1_77' title='bbox 25 1399 158 1462; x_wconf 77' lang='lat' dir='ltr'><strong>Continuo</strong></span> <span class='ocrx_word' id='word_1_78' title='bbox 180 1402 251 1464; x_wconf 86' lang='lat' dir='ltr'><strong>dexi</strong></span> <span class='ocrx_word' id='word_1_79' title='bbox 274 1404 383 1462; x_wconf 88' lang='lat' dir='ltr'><strong>crimen</strong></span> <span class='ocrx_word' id='word_1_80' title='bbox 404 1402 575 1480; x_wconf 77' lang='lat' dir='ltr'><strong>facinusque</strong></span> <span class='ocrx_word' id='word_1_81' title='bbox 598 1401 707 1480; x_wconf 89' lang='lat' dir='ltr'><strong>capilli.</strong></span> 
     </span>
     <span class='ocr_line' id='line_1_15' title="bbox 27 1484 936 1568; baseline 0.003 -23"><span class='ocrx_word' id='word_1_82' title='bbox 27 1484 90 1557; x_wconf 79' lang='lat' dir='ltr'><strong>Quid</strong></span> <span class='ocrx_word' id='word_1_83' title='bbox 109 1485 222 1547; x_wconf 86' lang='lat' dir='ltr'><strong>Psecas</strong></span> <span class='ocrx_word' id='word_1_84' title='bbox 244 1484 379 1547; x_wconf 79' lang='lat' dir='ltr'><strong>admisit?</strong></span> <span class='ocrx_word' id='word_1_85' title='bbox 401 1503 541 1566; x_wconf 88' lang='lat' dir='ltr'><strong>quaenam</strong></span> <span class='ocrx_word' id='word_1_86' title='bbox 565 1494 611 1546; x_wconf 91' lang='lat' dir='ltr'><strong>est</strong></span> <span class='ocrx_word' id='word_1_87' title='bbox 631 1484 679 1545; x_wconf 92' lang='lat' dir='ltr'><strong>bic</strong></span> <span class='ocrx_word' id='word_1_88' title='bbox 701 1485 786 1564; x_wconf 89' lang='lat' dir='ltr'><strong>culpa</strong></span> <span class='ocrx_word' id='word_1_89' title='bbox 809 1489 936 1568; x_wconf 90' lang='lat' dir='ltr'><strong>puellae,</strong></span> 
     </span>
     <span class='ocr_line' id='line_1_16' title="bbox 26 1566 1005 1650; baseline 0.008 -23"><span class='ocrx_word' id='word_1_90' title='bbox 26 1569 50 1627; x_wconf 83' lang='lat' dir='ltr'><strong>Si</strong></span> <span class='ocrx_word' id='word_1_91' title='bbox 70 1568 120 1628; x_wconf 90' lang='lat' dir='ltr'><strong>tibi</strong></span> <span class='ocrx_word' id='word_1_92' title='bbox 138 1569 288 1650; x_wconf 88' lang='lat' dir='ltr'><strong>displicuit</strong></span> <span class='ocrx_word' id='word_1_93' title='bbox 308 1589 397 1631; x_wconf 92' lang='lat' dir='ltr'><strong>nasus</strong></span> <span class='ocrx_word' id='word_1_94' title='bbox 418 1566 506 1630; x_wconf 83' lang='lat' dir='ltr'><strong>tuus?</strong></span> <span class='ocrx_word' id='word_1_95' title='bbox 528 1569 619 1630; x_wconf 89' lang='lat' dir='ltr'><strong>altera</strong></span> <span class='ocrx_word' id='word_1_96' title='bbox 641 1569 755 1630; x_wconf 83' lang='lat' dir='ltr'><strong>laevum</strong></span> <span class='ocrx_word' id='word_1_97' title='bbox 953 1581 1005 1635; x_wconf 78' lang='lat'><strong>495</strong></span> 
     </span>
     <span class='ocr_line' id='line_1_17' title="bbox 26 1650 797 1734; baseline 0.006 -24"><span class='ocrx_word' id='word_1_98' title='bbox 26 1650 151 1715; x_wconf 75' lang='lat' dir='ltr'><strong>Extendit</strong></span> <span class='ocrx_word' id='word_1_99' title='bbox 172 1656 325 1734; x_wconf 84' lang='lat' dir='ltr'><strong>pectitque</strong></span> <span class='ocrx_word' id='word_1_100' title='bbox 348 1671 446 1715; x_wconf 85' lang='lat' dir='ltr'><strong>comas</strong></span> <span class='ocrx_word' id='word_1_101' title='bbox 471 1663 500 1714; x_wconf 95' lang='lat' dir='ltr'><strong>et</strong></span> <span class='ocrx_word' id='word_1_102' title='bbox 522 1654 613 1714; x_wconf 85' lang='lat' dir='ltr'><strong>volvit</strong></span> <span class='ocrx_word' id='word_1_103' title='bbox 637 1655 666 1713; x_wconf 93' lang='lat' dir='ltr'><strong>in</strong></span> <span class='ocrx_word' id='word_1_104' title='bbox 687 1652 797 1715; x_wconf 86' lang='lat' dir='ltr'><strong>orbem.</strong></span> 
     </span>
     <span class='ocr_line' id='line_1_18' title="bbox 27 1733 710 1816; baseline 0.003 -22"><span class='ocrx_word' id='word_1_105' title='bbox 27 1733 71 1795; x_wconf 82' lang='lat' dir='ltr'><strong>list</strong></span> <span class='ocrx_word' id='word_1_106' title='bbox 89 1738 116 1796; x_wconf 92' lang='lat' dir='ltr'><strong>iu</strong></span> <span class='ocrx_word' id='word_1_107' title='bbox 140 1738 266 1799; x_wconf 86' lang='lat' dir='ltr'><strong>consilio</strong></span> <span class='ocrx_word' id='word_1_108' title='bbox 287 1747 416 1799; x_wconf 87' lang='lat' dir='ltr'><strong>materna</strong></span> <span class='ocrx_word' id='word_1_109' title='bbox 438 1738 612 1816; x_wconf 88' lang='lat' dir='ltr'><strong>admotaque</strong></span> <span class='ocrx_word' id='word_1_110' title='bbox 635 1737 710 1798; x_wconf 89' lang='lat' dir='ltr'><strong>lanis</strong></span> 
     </span>
     <span class='ocr_line' id='line_1_19' title="bbox 27 1817 731 1901; baseline 0.006 -24"><span class='ocrx_word' id='word_1_111' title='bbox 27 1817 140 1881; x_wconf 80' lang='lat' dir='ltr'><strong>Emerita</strong></span> <span class='ocrx_word' id='word_1_112' title='bbox 162 1839 240 1901; x_wconf 91' lang='lat' dir='ltr'><strong>quae</strong></span> <span class='ocrx_word' id='word_1_113' title='bbox 263 1831 361 1882; x_wconf 91' lang='lat' dir='ltr'><strong>cessat</strong></span> <span class='ocrx_word' id='word_1_114' title='bbox 381 1840 450 1891; x_wconf 90' lang='lat' dir='ltr'><strong>acu;</strong></span> <span class='ocrx_word' id='word_1_115' title='bbox 474 1824 617 1881; x_wconf 90' lang='lat' dir='ltr'><strong>sententia</strong></span> <span class='ocrx_word' id='word_1_116' title='bbox 640 1824 731 1900; x_wconf 90' lang='lat' dir='ltr'><strong>prima</strong></span> 
     </span>
     <span class='ocr_line' id='line_1_20' title="bbox 28 1901 852 1985; baseline 0.01 -25"><span class='ocrx_word' id='word_1_117' title='bbox 28 1901 102 1963; x_wconf 90' lang='lat' dir='ltr'><strong>lluins</strong></span> <span class='ocrx_word' id='word_1_118' title='bbox 126 1907 198 1983; x_wconf 91' lang='lat' dir='ltr'><strong>erit,</strong></span> <span class='ocrx_word' id='word_1_119' title='bbox 223 1905 387 1985; x_wconf 87' lang='lat' dir='ltr'><strong>posthanc</strong></span> <span class='ocrx_word' id='word_1_120' title='bbox 410 1914 507 1966; x_wconf 90' lang='lat' dir='ltr'><strong>aetate</strong></span> <span class='ocrx_word' id='word_1_121' title='bbox 529 1914 615 1984; x_wconf 89' lang='lat' dir='ltr'><strong>atque</strong></span> <span class='ocrx_word' id='word_1_122' title='bbox 641 1915 705 1965; x_wconf 88' lang='lat' dir='ltr'><strong>arte</strong></span> <span class='ocrx_word' id='word_1_123' title='bbox 727 1908 852 1984; x_wconf 88' lang='lat' dir='ltr'><strong>minores</strong></span> 
     </span>
     <span class='ocr_line' id='line_1_21' title="bbox 28 1982 1006 2068; baseline 0.008 -24"><span class='ocrx_word' id='word_1_124' title='bbox 28 1982 202 2065; x_wconf 72' lang='lat' dir='ltr'><strong>censebunt,</strong></span> <span class='ocrx_word' id='word_1_125' title='bbox 227 1998 373 2068; x_wconf 87' lang='lat' dir='ltr'><strong>tamquam</strong></span> <span class='ocrx_word' id='word_1_126' title='bbox 396 1989 490 2050; x_wconf 88' lang='lat' dir='ltr'><strong>famae</strong></span> <span class='ocrx_word' id='word_1_127' title='bbox 515 1989 670 2049; x_wconf 86' lang='lat' dir='ltr'><strong>discrimen</strong></span> <span class='ocrx_word' id='word_1_128' title='bbox 691 1998 794 2067; x_wconf 78' lang='lat' dir='ltr'><strong>agatur</strong></span> <span class='ocrx_word' id='word_1_129' title='bbox 953 2001 1006 2052; x_wconf 86' lang='lat'><strong>500</strong></span> 
     </span>
     <span class='ocr_line' id='line_1_22' title="bbox 29 2069 821 2152; baseline 0.01 -25"><span class='ocrx_word' id='word_1_130' title='bbox 29 2069 75 2129; x_wconf 81' lang='lat' dir='ltr'><strong>int</strong></span> <span class='ocrx_word' id='word_1_131' title='bbox 95 2073 223 2133; x_wconf 87' lang='lat' dir='ltr'><strong>animae:</strong></span> <span class='ocrx_word' id='word_1_132' title='bbox 248 2082 326 2134; x_wconf 87' lang='lat' dir='ltr'><strong>tanta</strong></span> <span class='ocrx_word' id='word_1_133' title='bbox 349 2081 395 2134; x_wconf 89' lang='lat' dir='ltr'><strong>est</strong></span> <span class='ocrx_word' id='word_1_134' title='bbox 411 2072 571 2152; x_wconf 90' lang='lat' dir='ltr'><strong>quaerendi</strong></span> <span class='ocrx_word' id='word_1_135' title='bbox 595 2089 664 2132; x_wconf 89' lang='lat' dir='ltr'><strong>cura</strong></span> <span class='ocrx_word' id='word_1_136' title='bbox 688 2073 821 2135; x_wconf 89' lang='lat' dir='ltr'><strong>decoris!</strong></span> 
     </span>
     <span class='ocr_line' id='line_1_23' title="bbox 30 2149 889 2236; baseline 0.008 -25"><span class='ocrx_word' id='word_1_137' title='bbox 30 2149 74 2214; x_wconf 91' lang='lat' dir='ltr'><strong>lot</strong></span> <span class='ocrx_word' id='word_1_138' title='bbox 92 2157 197 2232; x_wconf 88' lang='lat' dir='ltr'><strong>premit</strong></span> <span class='ocrx_word' id='word_1_139' title='bbox 219 2157 384 2233; x_wconf 85' lang='lat' dir='ltr'><strong>ordinibus,</strong></span> <span class='ocrx_word' id='word_1_140' title='bbox 407 2166 451 2216; x_wconf 90' lang='lat' dir='ltr'><strong>tot</strong></span> <span class='ocrx_word' id='word_1_141' title='bbox 472 2156 567 2218; x_wconf 91' lang='lat' dir='ltr'><strong>adhuc</strong></span> <span class='ocrx_word' id='word_1_142' title='bbox 589 2153 779 2236; x_wconf 79' lang='lat' dir='ltr'><strong>compagibus</strong></span> <span class='ocrx_word' id='word_1_143' title='bbox 802 2158 889 2218; x_wconf 90' lang='lat' dir='ltr'><strong>altum</strong></span> 
     </span>
     <span class='ocr_line' id='line_1_24' title="bbox 31 2235 837 2320; baseline 0.01 -27"><span class='ocrx_word' id='word_1_144' title='bbox 31 2235 157 2300; x_wconf 73' lang='lat' dir='ltr'><strong>Aedificat</strong></span> <span class='ocrx_word' id='word_1_145' title='bbox 179 2250 284 2320; x_wconf 87' lang='lat' dir='ltr'><strong>caput:</strong></span> <span class='ocrx_word' id='word_1_146' title='bbox 304 2241 529 2302; x_wconf 80' lang='lat' dir='ltr'><strong>Andromachen</strong></span> <span class='ocrx_word' id='word_1_147' title='bbox 551 2257 567 2300; x_wconf 91' lang='lat' dir='ltr'><strong>a</strong></span> <span class='ocrx_word' id='word_1_148' title='bbox 589 2240 685 2300; x_wconf 93' lang='lat' dir='ltr'><strong>fronte</strong></span> <span class='ocrx_word' id='word_1_149' title='bbox 709 2240 837 2310; x_wconf 85' lang='lat' dir='ltr'><strong>videbis;</strong></span> 
     </span>
     <span class='ocr_line' id='line_1_25' title="bbox 30 2318 939 2405; baseline 0.008 -28"><span class='ocrx_word' id='word_1_150' title='bbox 30 2318 86 2380; x_wconf 90' lang='lat' dir='ltr'><strong>Post</strong></span> <span class='ocrx_word' id='word_1_151' title='bbox 104 2324 198 2384; x_wconf 86' lang='lat' dir='ltr'><strong>minor</strong></span> <span class='ocrx_word' id='word_1_152' title='bbox 219 2333 282 2384; x_wconf 88' lang='lat' dir='ltr'><strong>est:</strong></span> <span class='ocrx_word' id='word_1_153' title='bbox 307 2324 410 2385; x_wconf 90' lang='lat' dir='ltr'><strong>credas</strong></span> <span class='ocrx_word' id='word_1_154' title='bbox 432 2324 527 2386; x_wconf 87' lang='lat' dir='ltr'><strong>aliam.</strong></span> <span class='ocrx_word' id='word_1_155' title='bbox 573 2322 671 2400; x_wconf 76' lang='lat' dir='ltr'><strong>(ledo,</strong></span> <span class='ocrx_word' id='word_1_156' title='bbox 694 2325 719 2384; x_wconf 89' lang='lat' dir='ltr'><strong>si</strong></span> <span class='ocrx_word' id='word_1_157' title='bbox 741 2323 832 2386; x_wconf 88' lang='lat' dir='ltr'><strong>breve</strong></span> <span class='ocrx_word' id='word_1_158' title='bbox 856 2326 939 2405; x_wconf 84' lang='lat' dir='ltr'><strong>parvi</strong></span> 
     </span>
     <span class='ocr_line' id='line_1_26' title="bbox 31 2401 1005 2488; baseline 0.009 -27"><span class='ocrx_word' id='word_1_159' title='bbox 31 2401 121 2466; x_wconf 81' lang='lat' dir='ltr'><strong>Sortito</strong></span> <span class='ocrx_word' id='word_1_160' title='bbox 143 2417 190 2468; x_wconf 86' lang='lat' dir='ltr'><strong>est</strong></span> <span class='ocrx_word' id='word_1_161' title='bbox 215 2407 316 2488; x_wconf 78' lang='lat' dir='ltr'><strong>lateris</strong></span> <span class='ocrx_word' id='word_1_162' title='bbox 339 2410 462 2487; x_wconf 91' lang='lat' dir='ltr'><strong>spatium</strong></span> <span class='ocrx_word' id='word_1_163' title='bbox 487 2409 665 2488; x_wconf 85' lang='lat' dir='ltr'><strong>breviorque</strong></span> <span class='ocrx_word' id='word_1_164' title='bbox 688 2408 803 2470; x_wconf 87' lang='lat' dir='ltr'><strong>videtur</strong></span> <span class='ocrx_word' id='word_1_165' title='bbox 954 2419 1005 2470; x_wconf 76' lang='lat' dir='ltr'><strong>cot</strong></span> 
     </span>
     <span class='ocr_line' id='line_1_27' title="bbox 30 2483 731 2570; baseline 0.01 -25"><span class='ocrx_word' id='word_1_166' title='bbox 30 2483 133 2566; x_wconf 75' lang='lat' dir='ltr'><strong>Virgine</strong></span> <span class='ocrx_word' id='word_1_167' title='bbox 154 2491 319 2570; x_wconf 75' lang='lat' dir='ltr'><strong>Pygmaea,</strong></span> <span class='ocrx_word' id='word_1_168' title='bbox 343 2491 429 2552; x_wconf 90' lang='lat' dir='ltr'><strong>nullis</strong></span> <span class='ocrx_word' id='word_1_169' title='bbox 455 2493 551 2553; x_wconf 90' lang='lat' dir='ltr'><strong>adiuta</strong></span> <span class='ocrx_word' id='word_1_170' title='bbox 573 2494 731 2569; x_wconf 89' lang='lat' dir='ltr'><strong>cothurnis,</strong></span> 
     </span>
     <span class='ocr_line' id='line_1_28' title="bbox 31 2565 767 2655; baseline 0.012 -27"><span class='ocrx_word' id='word_1_171' title='bbox 31 2565 59 2629; x_wconf 82' lang='lat' dir='ltr'><strong>ht</strong></span> <span class='ocrx_word' id='word_1_172' title='bbox 77 2573 146 2634; x_wconf 83' lang='lat' dir='ltr'><strong>levis</strong></span> <span class='ocrx_word' id='word_1_173' title='bbox 170 2586 273 2638; x_wconf 90' lang='lat' dir='ltr'><strong>erecta</strong></span> <span class='ocrx_word' id='word_1_174' title='bbox 297 2577 447 2653; x_wconf 88' lang='lat' dir='ltr'><strong>consurgit</strong></span> <span class='ocrx_word' id='word_1_175' title='bbox 472 2577 508 2637; x_wconf 91' lang='lat' dir='ltr'><strong>ad</strong></span> <span class='ocrx_word' id='word_1_176' title='bbox 531 2577 634 2637; x_wconf 90' lang='lat' dir='ltr'><strong>oscula</strong></span> <span class='ocrx_word' id='word_1_177' title='bbox 655 2577 767 2655; x_wconf 91' lang='lat' dir='ltr'><strong>planta!</strong></span> 
     </span>
    </p>

    <p class='ocr_par' dir='ltr' id='par_1_4' title="bbox 32 2653 1006 3572">
     <span class='ocr_line' id='line_1_29' title="bbox 63 2653 792 2737; baseline 0.007 -23"><span class='ocrx_word' id='word_1_178' title='bbox 63 2653 140 2718; x_wconf 86' lang='lat' dir='ltr'><strong>Nulla</strong></span> <span class='ocrx_word' id='word_1_179' title='bbox 162 2661 219 2720; x_wconf 81' lang='lat' dir='ltr'><strong>siri</strong></span> <span class='ocrx_word' id='word_1_180' title='bbox 242 2677 312 2721; x_wconf 89' lang='lat' dir='ltr'><strong>cura</strong></span> <span class='ocrx_word' id='word_1_181' title='bbox 334 2662 464 2737; x_wconf 87' lang='lat' dir='ltr'><strong>interea,</strong></span> <span class='ocrx_word' id='word_1_182' title='bbox 489 2678 546 2720; x_wconf 88' lang='lat' dir='ltr'><strong>nec</strong></span> <span class='ocrx_word' id='word_1_183' title='bbox 568 2661 675 2720; x_wconf 89' lang='lat' dir='ltr'><strong>mentio</strong></span> <span class='ocrx_word' id='word_1_184' title='bbox 697 2659 747 2719; x_wconf 88' lang='lat' dir='ltr'><strong>llet</strong></span> <span class='ocrx_word' id='word_1_185' title='bbox 787 2703 792 2711; x_wconf 78' lang='lat'><em>-</em></span> 
     </span>
     <span class='ocr_line' id='line_1_30' title="bbox 32 2734 708 2822; baseline 0.006 -25"><span class='ocrx_word' id='word_1_186' title='bbox 32 2734 204 2802; x_wconf 76' lang='lat' dir='ltr'><strong>Dannorumr</strong></span> <span class='ocrx_word' id='word_1_187' title='bbox 228 2745 299 2804; x_wconf 83' lang='lat' dir='ltr'><strong>vivit</strong></span> <span class='ocrx_word' id='word_1_188' title='bbox 321 2753 465 2822; x_wconf 89' lang='lat' dir='ltr'><strong>tamquam</strong></span> <span class='ocrx_word' id='word_1_189' title='bbox 489 2745 584 2805; x_wconf 83' lang='lat' dir='ltr'><strong>vicina</strong></span> <span class='ocrx_word' id='word_1_190' title='bbox 605 2743 708 2818; x_wconf 86' lang='lat' dir='ltr'><strong>mariti,</strong></span> 
     </span>
     <span class='ocr_line' id='line_1_31' title="bbox 34 2817 1006 2908; baseline 0.007 -31"><span class='ocrx_word' id='word_1_191' title='bbox 34 2817 84 2879; x_wconf 89' lang='lat' dir='ltr'><strong>Hoc</strong></span> <span class='ocrx_word' id='word_1_192' title='bbox 103 2825 166 2886; x_wconf 93' lang='lat' dir='ltr'><strong>solo</strong></span> <span class='ocrx_word' id='word_1_193' title='bbox 190 2828 329 2906; x_wconf 84' lang='lat' dir='ltr'><strong>propior,</strong></span> <span class='ocrx_word' id='word_1_194' title='bbox 351 2828 431 2908; x_wconf 93' lang='lat' dir='ltr'><strong>quod</strong></span> <span class='ocrx_word' id='word_1_195' title='bbox 452 2829 562 2889; x_wconf 89' lang='lat' dir='ltr'><strong>amicos</strong></span> <span class='ocrx_word' id='word_1_196' title='bbox 585 2827 716 2904; x_wconf 92' lang='lat' dir='ltr'><strong>coniugis</strong></span> <span class='ocrx_word' id='word_1_197' title='bbox 739 2826 800 2888; x_wconf 91' lang='lat' dir='ltr'><strong>odit</strong></span> <span class='ocrx_word' id='word_1_198' title='bbox 954 2833 1006 2885; x_wconf 79' lang='lat' dir='ltr'><strong>clo</strong></span> 
     </span>
     <span class='ocr_line' id='line_1_32' title="bbox 34 2899 855 2989; baseline 0.005 -25"><span class='ocrx_word' id='word_1_199' title='bbox 34 2899 62 2960; x_wconf 83' lang='lat' dir='ltr'><strong>Et</strong></span> <span class='ocrx_word' id='word_1_200' title='bbox 81 2925 198 2987; x_wconf 87' lang='lat' dir='ltr'><strong>servos,</strong></span> <span class='ocrx_word' id='word_1_201' title='bbox 221 2912 320 2989; x_wconf 87' lang='lat' dir='ltr'><strong>gravis</strong></span> <span class='ocrx_word' id='word_1_202' title='bbox 344 2921 391 2972; x_wconf 91' lang='lat' dir='ltr'><strong>est</strong></span> <span class='ocrx_word' id='word_1_203' title='bbox 414 2911 585 2972; x_wconf 87' lang='lat' dir='ltr'><strong>rationibus.</strong></span> <span class='ocrx_word' id='word_1_204' title='bbox 630 2910 710 2971; x_wconf 81' lang='lat' dir='ltr'><strong>Ecce</strong></span> <span class='ocrx_word' id='word_1_205' title='bbox 732 2909 855 2969; x_wconf 89' lang='lat' dir='ltr'><strong>furentis</strong></span> 
     </span>
     <span class='ocr_line' id='line_1_33' title="bbox 35 2983 841 3074; baseline 0.009 -31"><span class='ocrx_word' id='word_1_206' title='bbox 35 2983 154 3052; x_wconf 84' lang='lat' dir='ltr'><strong>Bellonae</strong></span> <span class='ocrx_word' id='word_1_207' title='bbox 175 2997 334 3074; x_wconf 86' lang='lat' dir='ltr'><strong>matrisque</strong></span> <span class='ocrx_word' id='word_1_208' title='bbox 355 2994 439 3055; x_wconf 90' lang='lat' dir='ltr'><strong>deum</strong></span> <span class='ocrx_word' id='word_1_209' title='bbox 462 2995 568 3057; x_wconf 90' lang='lat' dir='ltr'><strong>chorus</strong></span> <span class='ocrx_word' id='word_1_210' title='bbox 580 2995 665 3054; x_wconf 86' lang='lat' dir='ltr'><strong>intrat</strong></span> <span class='ocrx_word' id='word_1_211' title='bbox 688 3003 717 3053; x_wconf 89' lang='lat' dir='ltr'><strong>et</strong></span> <span class='ocrx_word' id='word_1_212' title='bbox 739 2993 841 3070; x_wconf 88' lang='lat' dir='ltr'><strong>ingens</strong></span> 
     </span>
     <span class='ocr_line' id='line_1_34' title="bbox 36 3068 745 3153; baseline 0.007 -22"><span class='ocrx_word' id='word_1_213' title='bbox 36 3068 156 3152; x_wconf 85' lang='lat' dir='ltr'><strong>Senirir,</strong></span> <span class='ocrx_word' id='word_1_214' title='bbox 179 3076 311 3138; x_wconf 92' lang='lat' dir='ltr'><strong>obsceno</strong></span> <span class='ocrx_word' id='word_1_215' title='bbox 333 3079 427 3140; x_wconf 91' lang='lat' dir='ltr'><strong>facies</strong></span> <span class='ocrx_word' id='word_1_216' title='bbox 448 3078 611 3140; x_wconf 79' lang='lat' dir='ltr'><strong>reverenda</strong></span> <span class='ocrx_word' id='word_1_217' title='bbox 631 3077 745 3153; x_wconf 87' lang='lat' dir='ltr'><strong>minori,</strong></span> 
     </span>
     <span class='ocr_line' id='line_1_35' title="bbox 36 3147 664 3241; baseline 0.019 -32"><span class='ocrx_word' id='word_1_218' title='bbox 36 3147 118 3217; x_wconf 90' lang='lat' dir='ltr'><strong>llollia</strong></span> <span class='ocrx_word' id='word_1_219' title='bbox 138 3161 186 3238; x_wconf 92' lang='lat' dir='ltr'><strong>qui</strong></span> <span class='ocrx_word' id='word_1_220' title='bbox 207 3171 291 3241; x_wconf 89' lang='lat' dir='ltr'><strong>rapta</strong></span> <span class='ocrx_word' id='word_1_221' title='bbox 315 3165 408 3224; x_wconf 90' lang='lat' dir='ltr'><strong>secuit</strong></span> <span class='ocrx_word' id='word_1_222' title='bbox 428 3163 566 3240; x_wconf 88' lang='lat' dir='ltr'><strong>genitalia</strong></span> <span class='ocrx_word' id='word_1_223' title='bbox 588 3170 664 3222; x_wconf 87' lang='lat' dir='ltr'><strong>testa</strong></span> 
     </span>
     <span class='ocr_line' id='line_1_36' title="bbox 38 3231 1005 3325; baseline 0.011 -34"><span class='ocrx_word' id='word_1_224' title='bbox 38 3231 83 3295; x_wconf 91' lang='lat' dir='ltr'><strong>lan</strong></span> <span class='ocrx_word' id='word_1_225' title='bbox 102 3242 224 3321; x_wconf 91' lang='lat' dir='ltr'><strong>pridem,</strong></span> <span class='ocrx_word' id='word_1_226' title='bbox 250 3247 296 3306; x_wconf 91' lang='lat' dir='ltr'><strong>cui</strong></span> <span class='ocrx_word' id='word_1_227' title='bbox 319 3264 408 3307; x_wconf 87' lang='lat' dir='ltr'><strong>rauca</strong></span> <span class='ocrx_word' id='word_1_228' title='bbox 431 3246 555 3322; x_wconf 87' lang='lat' dir='ltr'><strong>cohors,</strong></span> <span class='ocrx_word' id='word_1_229' title='bbox 579 3247 624 3306; x_wconf 91' lang='lat' dir='ltr'><strong>cui</strong></span> <span class='ocrx_word' id='word_1_230' title='bbox 645 3254 781 3325; x_wconf 79' lang='lat' dir='ltr'><strong>tympana</strong></span> <span class='ocrx_word' id='word_1_231' title='bbox 805 3242 909 3302; x_wconf 90' lang='lat' dir='ltr'><strong>cedunt</strong></span> <span class='ocrx_word' id='word_1_232' title='bbox 952 3253 1005 3306; x_wconf 75' lang='lat'><strong>515</strong></span> 
     </span>
     <span class='ocr_line' id='line_1_37' title="bbox 38 3314 702 3407; baseline 0.02 -33"><span class='ocrx_word' id='word_1_233' title='bbox 38 3314 135 3384; x_wconf 88' lang='lat' dir='ltr'><strong>Plebeia</strong></span> <span class='ocrx_word' id='word_1_234' title='bbox 157 3336 188 3386; x_wconf 93' lang='lat' dir='ltr'><strong>et</strong></span> <span class='ocrx_word' id='word_1_235' title='bbox 208 3327 334 3407; x_wconf 71' lang='lat' dir='ltr'><strong>Phrygia</strong></span> <span class='ocrx_word' id='word_1_236' title='bbox 358 3331 481 3390; x_wconf 88' lang='lat' dir='ltr'><strong>vestitur</strong></span> <span class='ocrx_word' id='word_1_237' title='bbox 502 3329 596 3390; x_wconf 90' lang='lat' dir='ltr'><strong>bucca</strong></span> <span class='ocrx_word' id='word_1_238' title='bbox 619 3331 702 3389; x_wconf 90' lang='lat' dir='ltr'><strong>tiara.</strong></span> 
     </span>
     <span class='ocr_line' id='line_1_38' title="bbox 40 3397 879 3493; baseline 0.008 -30"><span class='ocrx_word' id='word_1_239' title='bbox 40 3397 131 3468; x_wconf 78' lang='lat' dir='ltr'><strong>Grande</strong></span> <span class='ocrx_word' id='word_1_240' title='bbox 151 3421 234 3473; x_wconf 91' lang='lat' dir='ltr'><strong>sonat</strong></span> <span class='ocrx_word' id='word_1_241' title='bbox 257 3416 406 3493; x_wconf 91' lang='lat' dir='ltr'><strong>metuique</strong></span> <span class='ocrx_word' id='word_1_242' title='bbox 427 3413 506 3473; x_wconf 90' lang='lat' dir='ltr'><strong>iubet</strong></span> <span class='ocrx_word' id='word_1_243' title='bbox 527 3412 708 3492; x_wconf 86' lang='lat' dir='ltr'><strong>Septembris</strong></span> <span class='ocrx_word' id='word_1_244' title='bbox 730 3421 760 3472; x_wconf 92' lang='lat' dir='ltr'><strong>et</strong></span> <span class='ocrx_word' id='word_1_245' title='bbox 791 3411 879 3470; x_wconf 89' lang='lat' dir='ltr'><strong>austri</strong></span> 
     </span>
     <span class='ocr_line' id='line_1_39' title="bbox 39 3480 748 3572; baseline 0.023 -31"><span class='ocrx_word' id='word_1_246' title='bbox 39 3480 195 3572; x_wconf 84' lang='lat' dir='ltr'><strong>hdrentum,</strong></span> <span class='ocrx_word' id='word_1_247' title='bbox 217 3497 272 3561; x_wconf 86' lang='lat' dir='ltr'><strong>nisi</strong></span> <span class='ocrx_word' id='word_1_248' title='bbox 297 3516 331 3558; x_wconf 92' lang='lat' dir='ltr'><strong>se</strong></span> <span class='ocrx_word' id='word_1_249' title='bbox 356 3507 470 3559; x_wconf 89' lang='lat' dir='ltr'><strong>centurn</strong></span> <span class='ocrx_word' id='word_1_250' title='bbox 492 3496 660 3557; x_wconf 84' lang='lat' dir='ltr'><strong>lustraverit</strong></span> <span class='ocrx_word' id='word_1_251' title='bbox 683 3498 748 3557; x_wconf 89' lang='lat' dir='ltr'><strong>ovis</strong></span> 
     </span>
    </p>
   </div>
   <div class='ocr_carea' id='block_1_4' title="bbox 0 0 1244 3984">
    <p class='ocr_par' dir='ltr' id='par_1_5' title="bbox 0 0 1244 3984">
     <span class='ocr_line' id='line_1_40' title="bbox 0 0 1244 3984; baseline 0 0"><span class='ocrx_word' id='word_1_252' title='bbox 0 0 1244 3984; x_wconf 95' lang='lat' dir='ltr'><strong> </strong></span> 
     </span>
    </p>
   </div>
  </div>
 </body>
</html>
