2438 3994
401 229 526 276 sununs
550 230 627 276 x111.
968 223 1007 283 87

15 373 140 451 blligies
164 372 240 430 inter
262 377 376 430 vestras
396 378 576 449 statuamque
596 369 724 448 Vagelli.

51 457 191 536 Accipe,
216 472 292 534 quac
316 461 417 513 contra
433 453 530 514 valeat
550 454 655 516 solatia
674 455 753 516 ferro
962 473 1011 526 [no

16 541 48 602 lit
68 541 120 620 qui
144 558 203 600 nec
224 535 369 614 Cynicos,
393 555 449 597 neo
471 539 572 598 Stoica
592 539 727 616 dogmata
750 540 822 618 legit

17 627 39 684 i
61 624 184 700 Cynicis
206 623 302 682 tunica
324 621 477 698 distantia,
501 640 559 682 non
577 621 737 702 Epicurum

17 709 146 787 Suspicit
164 707 263 784 exigui
285 706 393 766 laetum
415 706 595 784 plantaribus
615 707 701 767 borti.

18 793 162 853 Curcntur
184 791 261 851 dubii
284 789 406 850 medicis
427 790 586 850 maioribus
605 793 698 869 aegri,

17 877 56 937 Tu
84 893 195 936 venam
226 875 276 937 rel
308 872 453 953 discipulo
474 876 619 934 committe
637 875 772 955 Philippi.

18 963 45 1023 Si
61 960 175 1020 nullum
197 959 334 1018 interris
357 967 414 1019 tam
436 957 611 1020 detestabile
634 959 741 1020 lactum

18 1044 175 1120 Ostendis,
199 1052 302 1117 taceo,
327 1060 382 1101 nec
407 1043 512 1120 pugnis
537 1042 664 1104 cacdcrc
685 1053 788 1123 pectus

18 1130 55 1190 'le
76 1136 152 1188 veto
174 1144 231 1187 nec
253 1124 340 1203 plana
362 1126 467 1186 faciem
490 1127 667 1188 contundere
691 1129 800 1208 palma;

19 1211 260 1290 Quandoquidem
282 1219 408 1289 accepto
432 1211 593 1273 claudenda
613 1221 658 1272 est
679 1213 762 1273 ianua
785 1213 899 1292 damno,

17 1297 49 1358 Et
69 1297 187 1357 maiore
210 1295 311 1355 domus
332 1296 460 1372 gemitu,
481 1297 591 1356 maiore
613 1296 732 1357 tumultu

9 1381 196 1458 ¹Planguntnr
213 1379 333 1455 nurmmi,
356 1397 441 1459 quam
464 1379 575 1440 lunera.
620 1377 714 1440 Nemo
736 1378 869 1442 dolorem

9 1461 108 1542 ilingit
133 1465 164 1523 in
183 1463 241 1523 boc
263 1481 350 1540 casu,
369 1472 482 1524 vestam
504 1463 642 1524 diducere
656 1479 799 1543 ,summam

8 1547 197 1623 lllontentus,
218 1564 329 1608 vexare
353 1548 457 1608 oculos
475 1547 597 1608 humore
619 1557 739 1609 coacto:

18 1633 152 1693 Ploratur
175 1632 301 1693 lacrimis
325 1632 430 1692 amissa
452 1633 575 1711 pecunia
593 1633 683 1692 veris.

19 1718 72 1777 Sed
95 1718 123 1776 si
148 1724 251 1777 cuncta
273 1715 356 1776 vides
379 1717 463 1777 simili
485 1716 550 1778 lora
571 1717 659 1796 plena
680 1717 824 1796 querella,

19 1802 44 1861 Si
67 1801 175 1861 declcs
197 1800 282 1861 lectis
304 1799 419 1862 diversa
442 1809 526 1879 parte
547 1800 664 1861 tabellis

19 1883 94 1946 Vana
117 1885 295 1963 supervacui
318 1883 415 1944 dicunt
440 1885 635 1964 chirographa
658 1884 738 1962 ligni,

20 1970 121 2048 drguit
146 1971 276 2048 ipsorum
298 1985 371 2046 qnos
394 1969 490 2030 littera
513 1985 685 2047 gemmaque
708 1969 846 2048 princeps

7 2053 253 2130 ¹Sardonycbum,
273 2052 380 2114 loculis
402 2070 477 2132 quae
502 2052 660 2114 custoditur
682 2051 816 2112 eburnis:

7 2109 105 2215 ller',
132 2155 151 2198 o
174 2136 312 2199 delicias!
336 2146 418 2198 entra
442 2139 601 2198 communia
621 2154 727 2197 censes

7 2219 204 2299 ilonendum,
226 2222 292 2300 quia
308 2230 337 2281 tu
360 2222 486 2299 gallinae
509 2221 584 2282 iilius
605 2219 701 2297 albae,

7 2305 88 2449 lllbln
97 2301 679 2470 vplbetbrlbullltldlbaalbr'bleblgllltlcrlvllile
702 2387 862 2464 ferendam,

7 2476 48 2552 ,Si
69 2473 176 2535 dectas
200 2473 304 2535 oculos
325 2475 435 2535 maiora
456 2474 492 2536 ad
514 2475 642 2536 crimina.
690 2469 800 2533 Confer

25 2555 202 2619 Conductum
221 2558 380 2635 latronem,
403 2558 537 2620 incendia
567 2561 678 2622 sullurc
719 2564 826 2634 coepta

25 2640 116 2720 itque
139 2642 226 2719 dolo,
250 2644 360 2721 primos
382 2660 468 2721 quum
490 2644 573 2705 ianua
596 2641 708 2718 colligit
729 2641 831 2717 ignes;

25 2722 131 2786 Confer
153 2736 184 2787 et
205 2726 278 2804 bos,
298 2728 409 2788 veteris
432 2728 481 2807 qui
503 2726 606 2787 tollunt
627 2723 749 2802 grandia
771 2722 872 2802 templi

24 2804 129 2870 Pocula
147 2811 313 2872 adorandae
336 2810 477 2889 robiginis
496 2820 525 2872 ct
547 2809 722 2890 populorum

25 2891 103 2954 llona
126 2895 176 2956 vel
193 2897 311 2975 antiquo
332 2897 443 2975 positas
464 2914 481 2956 a
503 2913 577 2972 rego
599 2910 733 2954 coronas.
775 2910 778 2914 ·

26 2975 100 3037 llaec
121 2977 161 3038 ibi
181 2980 206 3038 si
224 2997 281 3039 non
304 2989 386 3056 sunt,
408 2981 501 3040 minor
523 2986 618 3039 exstat
640 2976 820 3052 sacrilegus,
846 2973 895 3051 qui
961 2985 1012 3036 150

26 3058 114 3121 lladat
135 3063 256 3124 inaurati
275 3064 369 3124 lemur
384 3063 518 3124 llcrculis
543 3072 572 3123 et
594 3063 700 3122 facicm
720 3061 812 3139 ipsam

28 3141 163 3224 Neptuni,
187 3148 234 3226 qui
255 3146 436 3209 bractcolam
459 3148 496 3208 dc
519 3144 645 3208 Castore
668 3144 767 3213 ducat;

29 3226 66 3286 dn
87 3228 217 3309 dubitet,
239 3232 341 3296 solitus
362 3241 453 3292 totum
475 3231 604 3293 conflare
628 3223 807 3290 Tonantem?

30 3306 131 3373 Confer
153 3324 184 3375 et
204 3315 333 3376 artifices
352 3325 605 3393 mercatoremque
627 3314 732 3374 veneni

30 3389 59 3452 llt
79 3396 280 3461 deducendum
298 3403 380 3460 corio
399 3400 483 3461 bovis
504 3402 532 3460 in
552 3417 649 3475 marc,
672 3416 735 3458 com
758 3412 816 3476 quo

30 3473 171 3543 Glauditur
192 3483 324 3545 adversis
346 3486 463 3544 innoxia
485 3484 566 3544 simia
584 3483 662 3542 latis.
