2438 3994
412 269 537 325 SATIRd
557 279 627 326 XIV.
969 271 1011 332 97

5 479 6 498 q
39 417 212 494 Flagrantem
235 415 292 475 late
315 423 344 474 et
366 418 527 495 rapientem
550 425 651 476 cuncta
673 416 796 493 videbis,
958 433 1011 486 245

5 503 7 524 '
37 500 91 560 Nec
113 498 163 559 tibi
186 507 323 577 parcetur
345 501 468 574 misero,
495 500 695 578 trepidumque
717 501 883 578 magistrum

36 584 62 643 1ιι
82 601 171 644 cavea
194 597 297 658 magno
321 582 434 642 fremitu
460 582 507 642 leo
531 582 614 642 tollet
638 583 777 644 alumnus.

36 667 103 726 Nota
125 664 334 725 mathematicis
357 667 475 742 genesis
496 675 559 734 tua;
583 665 636 726 sed
657 684 748 744 grave
771 667 867 728 tardas
947 663 949 666 ’

5 791 6 794 ¹
36 750 210 828 Exspectare
235 747 334 809 colus:
356 750 489 809 morieris
511 749 631 808 stamine
653 748 777 810 nondum

35 833 171 911 Abrupto.
205 831 264 892 lam
290 850 364 892 nunc
389 831 488 892 obstas
517 841 546 890 et
571 835 792 909 commoraris,
957 849 1012 900 250

35 917 87 976 iam
112 924 231 993 torquet
252 917 384 975 iuvenem
408 915 495 994 longa
517 923 547 974 et
570 917 686 977 cervina
708 923 855 978 senectus.

36 999 116 1059 Ocius
140 997 327 1075 Archigenen
350 1016 458 1076 quaere
481 1007 566 1078 atque
591 1017 655 1060 eme
677 1001 754 1078 quod
776 999 954 1063 Mithridates

36 1082 214 1162 Composuit,
239 1083 264 1141 si
286 1084 330 1142 vis
352 1082 436 1143 aliam
458 1081 619 1160 decerpere
642 1083 727 1144 iicum

35 1167 126 1244 htque
149 1165 220 1225 alias
242 1174 368 1226 tractare
391 1183 484 1226 rosas.
517 1164 696 1227 Medicamen
716 1166 878 1228 habendum
900 1179 955 1245 est,

34 1249 157 1310 Sorbcre
179 1256 244 1308 ante
269 1249 362 1309 cibum
384 1249 462 1329 quod
481 1248 590 1309 debeat
611 1260 640 1311 et
662 1259 745 1328 pater
768 1259 797 1311 et
818 1269 881 1312 rex.
957 1263 1010 1316 255

5 1367 6 1376 ι
71 1332 201 1393 Monstro
224 1331 403 1412 voluptatem
426 1333 589 1409 egregiam,
614 1335 660 1393 cui
682 1333 761 1393 nulia
787 1333 909 1411 theatra,

32 1415 114 1477 Nulla
138 1433 265 1494 aequare
290 1433 379 1494 queas
402 1416 545 1494 praetoris
568 1414 678 1494 pulpita
700 1415 779 1492 lauti,

32 1501 60 1560 Si
84 1507 220 1579 spectes,
248 1508 354 1577 quanto
378 1500 480 1578 capitis
503 1499 666 1559 discrimine
691 1507 824 1559 constent

32 1583 209 1643 incrementa
236 1582 353 1658 domus,
378 1592 475 1642 aerata
497 1582 602 1642 multus
623 1583 651 1641 in
674 1600 743 1643 arca
905 1568 929 1614 ⁸

31 1667 131 1726 Fiscus
154 1675 183 1726 et
207 1665 242 1725 ad
263 1665 385 1742 vigilem
403 1665 527 1745 ponendi
550 1663 671 1726 Castora
694 1667 808 1741 nummi,
957 1677 1011 1732 260

32 1751 74 1810 Ex
96 1767 154 1830 quo
179 1748 255 1809 biars
278 1749 354 1808 ultor
376 1749 489 1827 galeam
512 1766 629 1829 quoque
652 1748 777 1827 perdidit
797 1759 826 1809 et
847 1768 896 1809 res

33 1833 94 1894 Non
118 1833 210 1911 potuit
233 1851 351 1892 servare
371 1852 448 1893 suas.
480 1833 560 1910 Ergo
584 1833 677 1893 omnia
699 1832 806 1893 Florae

31 1917 64 1976 ur
88 1914 206 1976 Cereris
231 1916 300 1976 licet
320 1924 350 1975 et
371 1913 498 1991 Cybeles
522 1917 622 1977 aulaea
644 1914 808 1994 relinquasz

31 2001 122 2061 Tanto
143 1999 268 2059 maiores
290 1998 411 2059 bumana
433 2001 550 2078 negotia
572 1999 640 2060 ludi.
999 2044 1003 2050 .

31 2085 75 2143 Αιι
97 2083 188 2160 magis
213 2082 361 2143 oblectant
381 2084 501 2142 animum
524 2084 628 2142 iactata
650 2091 772 2161 petauro
958 2091 1010 2153 265

32 2167 163 2246 Corpora
185 2168 292 2246 quique
314 2165 391 2226 solet
405 2163 522 2226 'rectum
545 2166 726 2226 descendere
747 2165 855 2242 funem,

30 2251 121 2324 Quam
146 2259 193 2325 tu,
216 2247 341 2326 Corycia
367 2268 483 2328 semper
504 2251 552 2330 qui
575 2267 673 2329 puppe
698 2250 820 2310 moraris

31 2336 127 2412 Atque
149 2332 276 2408 habitas,
300 2351 371 2394 coro
394 2353 510 2414 semper
532 2332 677 2395 tollendus
701 2342 730 2394 et
752 2341 860 2410 austro,

32 2417 175 2496 [Perditus
199 2435 234 2478 ac
255 2417 320 2477 uilis
343 2421 422 2479 sacci
445 2428 590 2480 mercator
611 2417 741 2496 olentis]

31 2501 86 2574 Qui
109 2501 219 2578 gaudes
244 2502 350 2599 pingpe
373 2504 505 2580 antiquae
531 2502 567 2562 de
591 2503 677 2563 litore
701 2499 807 2561 Cretae
958 2508 1013 2564 bio

29 2585 149 2644 Passum
172 2591 201 2643 et
221 2582 380 2658 municipes
402 2584 479 2642 lovis
502 2585 656 2646 advexisse
679 2580 821 2662 lagonas?

28 2667 83 2727 Hic
108 2674 202 2725 tamen
225 2664 341 2738 ancipiti
367 2663 459 2738 figens
483 2668 605 2741 vestigia
628 2667 725 2745 planta

28 2752 145 2810 Victum
161 2747 211 2807 ilia
232 2745 368 2804 mercede
390 2755 473 2823 parat
491 2746 676 2827 brumamque
696 2749 859 2828 famemque

27 2833 83 2894 ttta
108 2839 187 2889 reste
209 2835 307 2889 cavet:
331 2836 360 2888 tu
383 2837 503 2908 propter
524 2829 602 2889 mille
623 2831 729 2893 talenta

28 2917 66 2976 iit
90 2920 204 2973 centum
225 2911 310 2972 villas
334 2913 513 2972 temerarius.
547 2910 656 2991 dspice
679 2923 779 2992 portus
960 2925 1012 2979 275

30 2999 68 3059 Et
92 2995 208 3075 pienum
230 2997 340 3072 magnis
364 2995 492 3056 trabibus
515 3013 609 3057 mare:
635 2995 700 3074 plus
724 2996 866 3056 hominum
889 3006 934 3057 est
957 2999 1011 3058 iam

30 3083 62 3142 1ιι
85 3078 208 3159 pelago:
232 3081 329 3140 veniet
351 3079 469 3154 classis,
494 3097 676 3158 quocumque
697 3081 809 3139 vocarit

5 3168 109 3243 Spes
135 3162 226 3240 lucri,
250 3181 305 3222 nec
328 3160 511 3241 Carpathium
532 3162 712 3241 Gaetulaque
735 3171 842 3222 tantum

5 3249 173 3325 Aequora
196 3247 354 3323 transiliet,
378 3247 431 3306 scd
454 3246 541 3325 longe
568 3245 659 3327 Calpe
682 3246 785 3306 relicta

5 3330 141 3390 Audiet
161 3329 307 3390 Herculeo
335 3331 502 3390 stridentem
524 3333 639 3409 gurgite
662 3330 764 3391 solem
960 3341 1015 3396 nst)

5 3411 148 3474 Grande
172 3431 280 3492 operae
307 3415 429 3492 pretium
451 3424 513 3491 est,
536 3424 567 3474 ut
591 3425 675 3476 tenso
698 3413 770 3474 folle
793 3411 900 3472 reverti

5 3495 239 3641 Ιιιξνιίξῖιτιιιιι
261 3498 357 3598 possis
381 3497 544 3576 tumidaque
567 3497 710 3577 superbus
733 3498 841 3641 aluta⁷
