2444 3984
184 224 235 272 xli
565 219 771 268 PRAEFATIO.

183 365 270 422 uenalis
282 365 366 436 poesin
375 365 440 420 idem
449 363 582 430 conueniat.
594 364 658 436 quod
669 362 753 420 Odon.
765 365 878 422 lldllerus
890 363 915 418 iu
925 363 987 420 liist.
999 363 1063 420 liter.
1075 378 1162 437 graec.

180 449 209 506 T.
222 449 240 518 1,
254 465 277 520 p.
291 450 344 506 247
360 450 384 504 in
395 447 531 504 Archilochi
547 448 652 503 dictione
663 448 803 506 Homericae
818 449 855 504 sic
865 449 986 518 opposuit,
996 455 1024 502 ut
1034 448 1096 504 hanc
1108 449 1161 520 ple

180 548 254 606 raquo
264 532 371 604 epitheta
382 533 412 588 ad
421 533 501 588 solum
513 538 623 587 ornatum
633 532 730 596 referre,
742 532 810 588 illum
822 531 901 587 omnia
911 531 936 586 in
945 546 996 586 rem
1007 539 1162 602 praesentem

180 617 284 689 dirigere
295 616 505 678 animadverteret;
515 614 564 670 hoo
573 616 655 687 utique
664 616 774 685 exemplo
783 616 855 670 ctiam
866 614 990 681 luvenalis,
1001 616 1161 672 dcetcecero-

179 702 237 774 quin
247 701 380 774 Vergilium
390 700 467 756 multo
477 699 557 771 magis
571 713 643 771 quam
660 713 827 771 quemcunque
843 698 916 753 aium
934 707 1031 770 poetam
1041 706 1158 765 sectetur,

179 792 259 840 mmen
275 784 322 840 hac
338 799 364 839 re
380 785 408 839 ab
428 785 493 839 illins
503 783 628 854 omnisque
644 782 727 852 epicae
741 783 821 854 poesis
832 783 1004 838 consuetudine
1014 783 1160 857 longissime

178 870 283 933 recedit,
302 868 367 940 quod
382 868 473 923 nrdlam
490 866 560 921 lacile
581 866 695 921 orationis
712 874 804 936 partem
821 867 927 922 otiosam
942 882 1039 922 manere
1056 869 1157 938 patitur,

177 953 220 1008 sed
231 966 300 1007 suam
306 952 392 1022 cuique
397 950 513 1006 uocabulo
519 950 575 1016 um,
580 965 651 1004 suum
658 964 758 1005 acumen
766 951 799 1006 ita
804 951 918 1020 impertit,
923 958 950 1005 ut
959 952 1088 1020 quaeapnd
1096 952 1158 1007 alios

177 1036 307 1105 scriptores
314 1034 441 1088 coniuncta
447 1033 545 1087 demum
551 1047 622 1086 unam
633 1035 776 1088 sententiam
782 1034 894 1101 efficiant,
902 1033 966 1104 apud
971 1033 1035 1088 buno
1045 1048 1155 1090 commu·

177 1117 355 1172 neuromnibus
364 1117 507 1172 senteutiam
518 1122 555 1171 tot
565 1116 711 1188 imaginibus
726 1124 786 1189 quot
799 1117 871 1172 rerba
881 1115 967 1173 habeat
984 1117 1154 1186 multiplicent.

176 1199 225 1256 Sed
236 1200 296 1254 haec
306 1200 446 1272 singulatim
456 1199 573 1270 expiscari
583 1200 719 1271 interpretis
736 1201 843 1257 oidcium
854 1208 905 1269 cst,
921 1216 968 1258 nec
978 1201 1065 1256 dmoni
1075 1202 1153 1274 quiin

176 1284 353 1339 commentariis
369 1284 419 1338 suis
430 1283 502 1339 docte
513 1290 537 1337 et
553 1290 623 1339 acute
634 1284 824 1348 enucleationem
840 1285 910 1340 uobis
921 1285 993 1340 etiam
1004 1285 1082 1356 magis
1093 1285 1153 1345 illud

175 1368 308 1422 cavendum
319 1367 487 1432 assentietur,
500 1383 531 1422 ne
541 1368 639 1422 nimiam
649 1383 693 1439 per
702 1368 859 1425 subtilitatem
878 1370 932 1440 plus
942 1374 1028 1439 poetae
1039 1368 1153 1425 obtruda-

176 1459 221 1517 tur,
239 1467 311 1524 11111
322 1466 378 1506 eum
388 1452 622 1508 dicerevoluisseeu
633 1453 744 1510 uniuerso
755 1454 803 1510 loci
819 1459 962 1526 argumento
977 1468 1080 1524 cumque
1096 1452 1151 1508 reli-

175 1538 228 1607 quis
237 1551 300 1591 nexu
311 1535 426 1606 prodeam
437 1535 503 1593 bunc
513 1537 589 1608 igitur
599 1543 626 1594 ut
636 1538 748 1605 lectores,
754 1537 893 1610 priusquam
899 1537 995 1609 singula
1006 1537 1151 1609 aggredian-

175 1704 251 1774 primo
263 1703 431 1758 accedentibus
439 1704 501 1758 scitu
513 1718 573 1773 opus
585 1718 637 1758 esse
647 1704 765 1772 videntur,
773 1704 856 1774 paucis
867 1703 907 1758 hic
918 1703 1149 1772 comprehendimus

175 1786 205 1841 lit
212 1787 287 1860 priori
296 1787 393 1858 quidem
403 1786 458 1842 libri
468 1787 540 1842 satira
545 1787 639 1858 prino,
650 1802 722 1858 quam
733 1795 788 1857 post
799 1802 821 1842 a.
836 1791 886 1844 100
895 1786 1010 1856 scriptam
1019 1802 1072 1842 esse
1082 1788 1149 1844 ilarii

175 1871 248 1927 Prisci
259 1871 349 1926 mentio
360 1872 445 1936 docet,
456 1871 536 1941 ipsum
545 1871 671 1925 salicorum
681 1870 859 1926 scribendarum
871 1870 1010 1935 consilium,
1021 1878 1148 1943 postquam

174 1955 259 2011 eodem
271 1971 327 2010 curn
337 1955 434 2028 reliquis
444 1955 524 2026 poesis
534 1954 663 2026 generibus
680 1955 731 2009 iure
742 1955 776 2009 uti
791 1953 871 2024 lepide
883 1954 954 2009 euicit
966 1954 1003 2021 (v.
1019 1960 1080 2011 1-
1091 1959 1147 2025 18),

174 2039 266 2094 duabrrs
276 2040 380 2094 maxime
391 2040 469 2095 causis
480 2039 598 2096 defendit:
609 2039 713 2109 primurn
723 2038 778 2109 quia
788 2037 813 2092 in
822 2043 889 2092 tauta
899 2038 1011 2093 uitiomm
1022 2039 1148 2097 atrocitate

173 2122 306 2196 indignatio
317 2137 390 2195 aegre
400 2124 550 2178 contineatur
564 2123 746 2192 (1.19-80),
763 2121 848 2176 deiude
859 2122 914 2193 quia
924 2122 1017 2178 nullum
1027 2123 1146 2182 scribendi

172 2220 251 2276 genus
265 2221 330 2261 nunc
340 2206 480 2277 ampliorem
490 2207 615 2260 materiam
624 2205 727 2260 iuveniat
738 2205 775 2271 (v.
787 2206 818 2261 81
831 2208 955 2274 -150);
972 2213 1094 2276 postremo
1105 2223 1146 2262 ve-

172 2288 207 2343 lut
223 2289 389 2358 interpellante
404 2289 527 2359 pmdentia
542 2289 641 2343 callidae
657 2289 774 2344 cautionis
790 2295 1005 2358 temperamentum
1019 2291 1145 2361 pollicetur

171 2372 207 2438 (v.
221 2377 271 2429 151
282 2400 317 2412 -
327 2373 399 2439 171).
430 2370 541 2427 &modo
551 2372 622 2427 satira
634 2388 682 2427 non
693 2371 830 2446 hypocritas
840 2378 941 2438 tanturm
952 2379 979 2427 ut
990 2374 1013 2428 in
1025 2374 1145 2430 ueteribus

170 2455 313 2510 editionibus
329 2455 432 2518 estrei
451 2455 606 2526 philosophos
627 2457 759 2524 obscenos,
776 2457 820 2512 scd
838 2457 868 2512 ab
883 2456 920 2510 his
936 2458 1009 2513 modo
1028 2459 1143 2529 principio

170 2539 243 2594 ducto
255 2541 290 2606 (v.
304 2541 421 2609 1-35)
433 2554 529 2595 omnem
539 2541 640 2594 masculi
650 2541 746 2613 generis
757 2539 927 2610 turpitudinem
938 2547 963 2594 et
974 2541 1099 2597 mollitiem
1111 2543 1143 2598 ita

169 2622 305 2686 insectatur,
317 2630 345 2678 ut
355 2623 588 2693 primuanaroniam
600 2625 725 2679 moecham
735 2625 759 2679 in
770 2640 862 2679 marum
869 2624 1004 2695 voluptates
1015 2626 1080 2681 omni
1091 2641 1142 2680 rnu-

169 2705 237 2761 liebri
253 2706 351 2762 libidine
367 2706 486 2763 loodiores
497 2723 545 2763 non
556 2707 651 2762 inficeto
661 2708 834 2764 declamantem
844 2707 942 2764 inducat
953 2711 986 2777 (v.
999 2709 1140 2779 eo-ttc),

169 2796 284 2846 tumuere
295 2805 326 2846 ne
335 2789 451 2847 honestos
457 2793 552 2864 quidem
562 2791 799 2848 hominosconrmuni
808 2791 861 2846 labe
872 2792 990 2847 abstinere
995 2793 1140 2864 vestiumque

168 2873 287 2930 indecoris
303 2875 394 2931 deliciis
404 2877 469 2931 velut
484 2876 547 2931 uiam
558 2876 587 2930 ad
600 2875 690 2932 maiora
707 2876 799 2947 flagitia
811 2876 901 2944 aperire
912 2882 998 2946 arguat
1009 2875 1045 2941 (v.
1059 2880 1093 2934 70
1103 2903 1138 2915 -

167 2960 227 3024 82),
242 2974 346 3029 quorum
363 2959 476 3029 deinceps
490 2959 586 3031 singula
597 2961 706 3030 exempla
720 2959 758 3016 uel
769 2974 799 3013 eu
809 2958 909 3014 notanda
921 2957 1072 3012 muliebrium
1083 2958 1140 3014 ceri·

167 3041 302 3096 monianum
319 3043 453 3097 imitatione
464 3042 499 3109 (r.
511 3045 545 3102 83
555 3070 589 3080 -
601 3045 664 3110 lid)
676 3045 713 3098 vel
730 3057 761 3098 eu
777 3041 875 3097 ludicris
890 3043 1008 3096 maiorum
1025 3042 1139 3114 gravitate

167 3124 274 3196 indignis
286 3125 322 3190 (u.
335 3130 434 3183 113-
444 3128 505 3194 158)
516 3127 590 3196 petita
606 3133 710 3191 enarrat,
729 3125 961 3197 lortissimommque
978 3126 1082 3180 vuomm
1098 3142 1138 3197 po·

167 3213 246 3263 steros
257 3208 286 3263 ab
297 3210 367 3280 ipsis,
379 3210 466 3282 quibus
476 3211 601 3281 imperent,
617 3210 723 3265 barbaris
733 3224 828 3264 morum
838 3210 957 3280 probitate
966 3210 1072 3280 superari
1083 3226 1136 3281 quc-

167 3291 227 3346 ritur
237 3294 272 3360 (r.
289 3296 339 3351 159
348 3322 384 3334 -
396 3295 467 3363 110).
490 3294 581 3350 Tertiae
591 3295 677 3350 satirae
692 3294 794 3365 plurima
804 3309 859 3364 pars
868 3294 893 3348 in
906 3293 1021 3350 Umbricii
1031 3293 1136 3365 querellis

166 3382 281 3439 versatur,
296 3377 364 3433 cuius
373 3379 539 3449 subpersona,
551 3380 609 3434 dum
620 3379 697 3435 Roma
709 3379 791 3436 relicta
796 3378 885 3434 Cumas
893 3378 1063 3450 transmigrare
1075 3380 1136 3446 parat

167 3458 205 3527 (v.
217 3463 341 3531 1—28),
354 3470 424 3533 poeta
435 3463 539 3518 urbanae
549 3465 610 3518 uitae
622 3463 774 3520 incommoda
784 3463 952 3536 quadripertita
969 3463 1076 3518 oratione
1086 3473 1135 3531 per-

167 3544 286 3617 sequitur:
304 3545 407 3616 primurn
423 3547 478 3620 quia
489 3547 595 3603 honestis
611 3549 701 3604 artibus
710 3548 790 3604 nullrrs
804 3549 851 3604 iam
863 3548 931 3604 locus
947 3541 1139 3632 1111111111(
