2444 3984
537 296 571 342 D.
594 296 665 344 Iun.
687 294 873 343 tuvnnnms

545 530 780 596 surina
821 530 865 595 u.
951 514 954 518 ’

214 647 300 745 Ultra
320 680 504 739 Sauromatas
525 676 629 753 fugere
653 677 719 736 hinc
741 676 813 737 libet
835 686 864 736 et
885 675 1041 754 glacialem

213 765 377 840 Oceanum,
400 763 513 843 quoties
536 761 643 840 aliquid
665 763 702 822 de
721 762 850 821 moribus
868 763 994 836 audent,

213 850 268 924 Qui
289 846 392 908 Curios
415 845 546 906 simulant
569 854 598 904 et
619 839 810 906 Bacchanalia
831 847 938 906 vivunt.
996 863 1000 872 ’

211 933 323 994 Indocti
347 932 481 1011 primum;
505 948 675 1009 quamquam
697 930 784 1008 plena
806 931 900 990 omnia
922 947 1018 1008 gypso

213 1016 370 1094 Chrysippi
385 1014 536 1081 ¹inveniam
558 1032 622 1074 nam
641 1013 871 1092 perfectissimus
893 1014 994 1074 horum
1013 1025 1076 1092 est,
1188 1031 1203 1080 5

209 1103 243 1160 'Si
261 1101 325 1179 quis
348 1098 529 1168 Aristotelen
558 1097 679 1158 similem
700 1098 749 1158 uel
770 1097 901 1158 Pittacon
923 1099 1005 1173 emit,

212 1183 249 1244 Et
267 1183 348 1242 iubet
369 1182 547 1260 archetypos
568 1183 695 1261 pluteum
718 1200 836 1242 servare
860 1180 1025 1243 Cleanthas.

212 1268 328 1328 Frontis
350 1266 428 1326 nulla
448 1265 538 1332 fides:
559 1268 624 1345 quis
646 1267 721 1326 enirn
740 1283 798 1326 uon
819 1267 901 1326 vicus
923 1265 1048 1326 abundat

213 1352 354 1413 Tristibus
376 1347 536 1410 obscenis?
565 1351 691 1428 castigas
712 1352 820 1428 turpia,
844 1369 929 1431 quum
951 1351 992 1409 sis

189 1433 290 1496 'Inter
311 1435 481 1495 Socraticos
500 1435 649 1494 notissima
670 1435 752 1495 fossa
775 1435 923 1495 cinaedos.
1168 1449 1203 1499 lo

211 1519 331 1598 Hispida
351 1517 480 1578 membra
502 1519 617 1598 quidem
641 1529 669 1578 et
691 1519 780 1579 durac
800 1537 854 1598 per
874 1517 993 1579 brachia
1014 1527 1095 1579 setae

171 1665 173 1670 .
211 1604 380 1664 Promittant
402 1611 532 1663 atrocem
554 1605 690 1671 animum;
714 1603 767 1664 sed
788 1603 895 1682 podice
914 1602 972 1662 levi

212 1685 378 1746 Caeduntur
397 1687 522 1747 tumidae
544 1687 660 1748 medico
682 1688 796 1748 ridente
817 1688 969 1748 mariscae.

211 1770 304 1830 Rarus
322 1788 419 1830 sermo
441 1770 500 1830 illis
522 1781 551 1831 et
569 1773 678 1850 magna'
695 1770 784 1832 libido
805 1770 922 1829 tacendi

213 1856 307 1932 Atque
327 1854 486 1933 supercilio
507 1855 627 1916 brevior
650 1873 741 1917 coma.
773 1853 878 1913 Verius
901 1871 972 1930 ergo
1167 1866 1200 1916 15

212 1938 247 1998 m
268 1941 359 2017 magis
382 1939 507 2017 ingenuo
528 1939 724 2006 Peribomius;
747 1937 831 1997 hunc
845 1955 903 2014 ego
924 1937 991 1997 fatis

211 2023 339 2100 imputo,
358 2024 407 2101 qui
427 2023 507 2082 vultu
528 2024 658 2084 morbum
677 2024 852 2101 incessuque
872 2021 987 2082 latetur.

211 2106 318 2166 llorum
339 2107 508 2185 simplicitas
529 2106 720 2181 miserabilis,
739 2105 786 2167 his
807 2105 888 2166 furor
907 2108 971 2185 ipse
1025 2169 1027 2174 ,
1092 2139 1096 2146 ·

176 2235 178 2241 .
210 2188 267 2249 Dat
287 2192 413 2259 veniam;
436 2191 488 2251 sed
510 2192 645 2269 peiores,
669 2192 716 2269 qui
738 2191 806 2251 talia
827 2190 928 2251 verbis

210 2272 346 2333 Herculis
368 2274 503 2334 invadunt
525 2284 554 2334 et
577 2274 613 2333 de
634 2274 739 2334 virtute
761 2275 851 2356 locuti
1160 2285 1197 2337 20

212 2354 332 2416 Clunem
353 2358 470 2435 agitant.
500 2356 565 2434 Ego
588 2366 618 2416 te
640 2367 811 2433 ostentam,
835 2358 943 2433 Sexte,
965 2353 1112 2416 verebor?

209 2439 325 2500 Infamia
347 2440 474 2502 Varillus
496 2442 549 2506 ait;
573 2457 630 2518 quo
653 2440 783 2501 deterior
804 2437 858 2500 tel

210 2523 383 2602 Loripedem
404 2533 502 2583 rectus
526 2523 674 2601 derideat,
696 2524 872 2602 Aethiopem
893 2523 992 2584 albus:

211 2606 282 2680 Quis
305 2608 403 2668 tulerit
424 2606 573 2668 Gracchos
596 2608 632 2667 de
656 2608 799 2668 seditione
822 2604 1003 2687 querentes?

210 2690 282 2764 Quis
305 2690 419 2751 coelum
438 2691 524 2749 terris
545 2709 603 2751 uon
622 2692 743 2752 misceat
764 2700 793 2750 et
814 2709 893 2751 mare
916 2689 1019 2766 coelo,
1159 2701 1194 2755 ho

211 2776 241 2832 Si
262 2775 308 2834 fur
325 2773 480 2852 displiceat
500 2773 602 2851 Verri,
625 2775 769 2836 homicida'
790 2774 905 2850 Miloni,
1079 2831 1082 2836 .

211 2856 330 2918 Clodius
354 2867 473 2923 accuset
495 2859 655 2935 moechos,
679 2857 801 2920 Catilina
823 2857 1003 2936 Cethegum,
1063 2877 1066 2882 ·

211 2943 241 3001 ln
262 2940 388 3009 tabulam
409 2941 509 3002 Sullae
531 2945 555 3001 si
579 2943 673 3002 dicant
693 2943 827 3021 discipuli
849 2940 931 3003 trcs'l

211 3025 311 3098 Qualis
334 3033 396 3083 erat
418 3043 510 3103 nuper
532 3029 644 3104 tragico
668 3026 795 3104 pollutus
817 3027 930 3088 adulter

212 3106 389 3184 Concubitu,
411 3111 459 3187 qui
480 3118 548 3168 tuuc
570 3111 655 3186 leges
677 3110 836 3180 revocabat
857 3128 968 3170 amaras
1157 3119 1189 3170 'so

211 3189 347 3251 Omnibus
372 3201 458 3270 atque
481 3194 553 3271 ipsis
573 3193 682 3254 Veneri
702 3194 843 3275 Martique
865 3194 1025 3270 timendas,

211 3274 303 3348 Quum
323 3283 365 3335 tot
387 3275 525 3337 abortivis
544 3278 697 3340 fecundam
716 3277 788 3338 Iulia
809 3279 923 3338 vulvam

210 3358 349 3418 Solveret
368 3368 397 3419 et
419 3365 521 3440 patruo
538 3363 653 3424 ¹slmiles
674 3363 836 3423 edunderet
858 3363 941 3422 olias.

209 3439 312 3500 Nonne
334 3444 420 3521 igitur
441 3446 503 3506 iure
526 3465 561 3507 ac
582 3449 686 3509 merito
706 3448 776 3508 vitia
797 3448 894 3507 ultima
917 3446 1001 3505 fictos

211 3521 401 3587 Contemnunt
422 3531 548 3591 Scauros
571 3541 600 3591 et
620 3534 762 3610 castigata
778 3527 967 3591 remordenti
1154 3537 1184 3587 35
