2444 3984
454 253 663 302 PRAEFATIO.
1012 255 1048 302 tx

59 419 128 477 ago,
147 408 176 458 ut
186 417 218 457 ne
231 399 367 454 Iuvenalem
382 399 492 470 qnidam,
512 398 597 454 heatae
607 413 681 453 venae
692 398 885 467 adolescentem,
902 399 1048 456 acommnni

60 487 264 544 doctissimorum
285 490 310 538 et
330 483 534 538 severissimorum
551 483 615 538 illius
632 483 716 539 aetatis
731 483 856 538 hominum
872 483 910 538 vel
926 499 994 539 more
1012 484 1049 540 vel

61 569 241 626 exercitatione
256 568 372 633 eximam,
389 583 450 638 qnos
466 567 582 622 ludicram
600 567 682 638 poesin
700 568 789 637 passim
799 573 915 622 tractasse
932 574 956 622 ct
970 584 1014 624 suo
1025 575 1049 624 et

62 655 173 710 aliorum
188 651 299 721 exemplo
316 650 406 705 Plinius
416 649 492 720 Epist.
504 650 542 705 lV.
560 653 593 707 rt
608 658 632 706 et
642 651 692 706 Vll.
707 653 724 706 4
741 656 849 705 testatur.
884 650 951 705 Idem
969 658 1048 707 tamen

61 754 97 794 ne
121 734 326 809 quemadmodum
348 733 460 790 Martialis
478 735 502 789 in
527 735 598 790 lrnius
618 734 714 806 generis
735 735 832 789 levitate
858 742 1047 800 consenesceret,

62 822 111 876 sed
122 826 180 891 post
196 819 300 874 mediam
311 824 376 873 certe
387 824 489 874 aetatem
507 819 602 873 altiores
612 819 709 888 spiritus
720 825 867 890 capesseret,
885 825 979 888 praeter
996 819 1050 873 uni·

63 903 293 973 uersamtemporis
302 903 464 967 atrocitatem,
486 917 558 973 quam
575 903 734 957 communiter
745 917 801 956 cum
812 902 894 957 multis
904 903 986 967 sensit,
998 903 1048 972 ipsa

64 989 109 1044 illa
121 987 249 1059 peculiaris
265 986 361 1041 fortuna
373 986 466 1050 effecit,
483 1000 544 1057 quae
560 992 653 1041 tantum
670 984 746 1042 abluit
762 993 805 1053 ut,
822 986 886 1058 quod
899 984 1049 1041 Domitianus

65 1072 160 1137 voluit,
174 1071 292 1126 mordacis
305 1071 396 1142 ingenii
408 1070 504 1124 aculeos
513 1068 652 1136 hebetaret,
665 1076 693 1124 ut
703 1070 800 1124 eosdem
811 1085 824 1124 a
835 1069 935 1124 fortuito
946 1070 1048 1126 ludibrio

66 1156 98 1212 ad
107 1156 197 1211 seriam
209 1155 398 1226 indignationem
409 1154 553 1218 transferret,
569 1168 690 1225 quumque
700 1153 827 1223 prohibere
837 1169 885 1208 non
899 1161 1048 1225 possetque

65 1240 149 1294 minus
163 1255 199 1304 ea,
211 1253 272 1311 quae
283 1239 306 1293 in
317 1238 378 1293 urbe
388 1245 536 1310 gererentur,
549 1252 592 1307 per
602 1235 683 1294 literas
693 1238 825 1293 multorum
836 1244 861 1291 et
869 1239 970 1294 nuncios
982 1253 1048 1293 com·

65 1323 165 1394 periret,
177 1322 331 1378 nihilominus
342 1322 371 1377 ab
383 1322 501 1377 illecebris
512 1336 540 1376 ac
549 1321 655 1376 tumultu
664 1320 731 1376 urbis
740 1327 834 1377 remoto
845 1322 921 1376 otium
932 1321 1048 1393 praebuit,

66 1407 138 1462 cuius
159 1405 312 1461 beneficiola
329 1421 355 1460 se
372 1406 527 1461 descenderet
537 1405 758 1476 adolescentiaeque
774 1405 819 1460 sub
836 1405 943 1470 Nerone,
966 1405 1047 1473 Galba,

66 1491 214 1560 Vespasiano
232 1495 299 1544 actae
320 1489 488 1558 experimentis
508 1489 612 1544 recoctis
633 1489 734 1544 adeam
751 1503 845 1544 morum
861 1489 990 1561 iudiciique
1009 1505 1048 1544 se·

68 1575 194 1630 veritatem
210 1573 357 1645 perveniret,
380 1589 451 1644 quam
468 1573 560 1644 primae
575 1573 657 1628 statim
667 1573 754 1627 satirae
771 1587 827 1627 cnm
837 1572 964 1642 splendore
978 1579 1048 1643 atquo

67 1659 180 1714 acumine
202 1657 293 1730 ingenii
313 1657 414 1729 egregie
436 1657 588 1713 coniunctam
612 1656 749 1712 ostendunt.
787 1656 835 1711 Has
853 1656 917 1710 enim
936 1656 1048 1712 reducem

67 1744 167 1799 demum
185 1741 215 1796 ab
233 1741 303 1796 exilio
315 1742 398 1812 primis
415 1741 453 1796 vel
464 1740 555 1796 Neruae
566 1742 604 1796 vel
615 1740 707 1796 Traiani
723 1741 790 1795 annis
799 1741 922 1811 scripsisse
932 1746 956 1796 et
967 1739 1048 1796 Domi·

69 1828 126 1882 tiani
141 1841 219 1894 mors,
240 1839 310 1896 quam
328 1823 378 1880 Sat.
393 1825 423 1880 lV
432 1831 494 1880 extr.
511 1831 642 1891 memorat,
660 1832 686 1879 et
703 1823 778 1880 Prisci
793 1824 860 1880 llarii
880 1826 990 1888 exilium,
1008 1825 1048 1896 qui

69 1911 145 1966 Plinio
156 1916 296 1966 acorrsatore
307 1923 329 1963 a.
343 1914 395 1966 100
406 1923 431 1979 p.
443 1908 500 1965 Chr.
512 1909 685 1964 condemnatus
695 1915 740 1973 est,
756 1909 886 1964 clarissime
897 1908 996 1979 probat;
1008 1923 1047 1963 ea-

71 1994 169 2050 rundem
190 2001 271 2049 tamen
293 1992 417 2047 materiam
436 1992 487 2047 lere
508 1999 626 2048 maturam
648 1991 736 2048 abillo
754 1993 852 2048 domum
874 1992 973 2046 relatam
995 2007 1047 2045 essa

73 2078 107 2132 rel
125 2077 179 2133 inde
194 2077 307 2149 colligas,
326 2075 390 2146 quod
401 2076 453 2146 ipse
463 2074 537 2131 Satl
555 2083 616 2132 extr.
628 2091 655 2131 se
670 2091 754 2131 eorum
769 2075 921 2147 potissimum
932 2075 1048 2145 exemplis

71 2177 167 2217 usurum
178 2176 231 2216 cese
240 2159 378 2232 profitetur,
391 2174 494 2230 quorum
504 2159 697 2216 euertuntur
714 2159 839 2216 etLatinc
852 2164 957 2231 coppim,
969 2159 1048 2214 scitis·

72 2247 176 2316 sinreqne
186 2244 321 2317 Madvigius
332 2241 422 2314 Opusc.
442 2244 508 2301 acad.
526 2244 593 2299 alter.
605 2259 630 2314 p.
643 2247 694 2300 185
711 2245 744 2298 ita
761 2245 902 2315 plerumque
912 2243 1048 2298 Iuvenalem

72 2330 93 2383 in
111 2329 168 2384 vitia
185 2329 265 2384 invehi
287 2327 466 2392 animadvertit,
486 2335 511 2382 ut
534 2345 563 2383 eo
579 2327 664 2402 quidus
680 2327 732 2400 ipae
747 2328 881 2384 recitaverit
896 2333 1001 2400 ternpore
1018 2327 1048 2384 ad

70 2411 242 2485 superioribas,
262 2428 293 2467 cc
309 2411 394 2485 petre
406 2412 517 2468 common
531 2412 640 2484 meapte
655 2418 744 2475 mmet,
766 2428 816 2467 non
826 2412 951 2485 dilipeoter
960 2413 1047 2468 distin·

70 2503 125 2568 poet
142 2513 172 2551 ac
187 2513 260 2569 saepe
275 2513 301 2550 ae
317 2495 345 2550 in
359 2496 418 2552 doec
429 2497 561 2569 trunaserct
571 2495 690 2552 scribmtdt'
702 2494 795 2568 fiqoro,
813 2497 925 2568 qmniom
935 2497 1048 2552 uniuerso

70 2581 183 2652 foedius,
202 2580 229 2635 io
239 2596 287 2635 ono
297 2580 403 2652 coempto
414 2580 532 2645 onim,
544 2580 578 2636 od
586 2597 676 2636 omnen
686 2579 753 2635 wem
764 2586 863 2635 cetatern
870 2581 1003 2651 pertineam
1016 2581 1047 2635 cl.

73 2664 140 2718 etiam
150 2662 278 2718 Paldamus
293 2663 318 2718 in
330 2663 433 2735 Ephem.
445 2665 541 2736 Antiqn.
551 2665 616 2723 stud.
630 2667 711 2727 1843,
722 2679 746 2732 p.
760 2665 841 2725 ludia
859 2677 920 2735 qnae
930 2679 1004 2734 quum
1015 2664 1049 2718 ita

74 2747 131 2811 sint,
144 2747 245 2802 dubitari
256 2748 297 2803 vix
309 2762 381 2818 posse
397 2748 503 2815 ridetur,
521 2748 578 2820 quin
588 2748 678 2818 primos
695 2754 746 2801 tres
761 2748 888 2802 satirarum
905 2746 979 2802 libros
990 2763 1049 2818 pan·

72 2844 288 2887 cenomannorum
308 2832 398 2902 spatio,
418 2837 545 2902 postquam
565 2831 655 2902 patriae
671 2830 777 2885 redditus
800 2836 851 2898 est,
871 2831 1047 2900 conscripserit,

74 2929 180 2986 novoque
196 2914 245 2970 hoc
256 2915 424 2970 recitationum
436 2929 526 2988 genere
544 2914 678 2986 aequalium
689 2914 781 2969 animos
791 2913 938 2968 demulserit.
965 2913 1049 2984 Neque

51 3005 55 3012 '
73 2999 177 3069 prolecto
186 2999 231 3054 alia
239 3005 305 3054 aetas
315 2997 371 3053 huic
382 2999 482 3072 negotio
494 2999 572 3068 aptior
581 3005 644 3065 erat,
657 3013 728 3070 quam
739 2996 832 3052 Neruae
842 2994 983 3068 Traianique
1001 2997 1048 3066 pri·

71 3083 166 3148 mordia,
179 3083 266 3154 quihus
278 3083 389 3138 diutuma
403 3083 497 3138 silentia
508 3083 575 3153 quasi
586 3081 655 3137 obice
666 3081 760 3137 sublato
771 3081 849 3136 soluta
860 3095 913 3136 esse
923 3081 961 3135 vel
973 3081 1049 3137 Taciti

71 3167 179 3240 dgdrola
198 3167 270 3222 docet
286 3166 448 3238 paulatimque
468 3166 623 3222 redeuntibus
639 3166 724 3220 animis
733 3179 764 3220 ne
779 3165 931 3220 acerbissima
952 3167 1048 3237 quidem

71 3252 178 3306 uitiorum
190 3249 343 3321 reprehensio
356 3250 483 3306 offensioni
493 3257 558 3316 crat,
577 3250 632 3322 quia
649 3249 728 3305 inhac
738 3263 834 3320 quoque
844 3263 921 3304 raram
932 3251 1048 3320 temporis

73 3335 208 3390 lelicitatem
228 3349 361 3406 agnoscere
377 3334 424 3389 sihi
436 3333 589 3399 videbantur,
608 3349 654 3405 qua
672 3333 760 3388 sentire
770 3333 834 3404 quod
851 3333 925 3388 velles
937 3333 1048 3404 quodque

73 3419 166 3473 sentires
177 3418 259 3474 dicere
268 3418 365 3481 liceret:
376 3419 423 3472 lrac
433 3419 508 3489 igitur
518 3424 672 3489 tempestate,
690 3433 764 3488 quum
776 3417 815 3472 alii
829 3417 908 3472 esitus
919 3417 1047 3472 illustrium

73 3500 169 3556 uirorum
185 3502 260 3569 (Ptin
272 3501 349 3572 Epist.
360 3501 422 3556 Vlll.
435 3507 476 3558 lt.
488 3504 519 3570 4)
535 3502 609 3557 literis
619 3502 771 3568 mandarent,
784 3501 823 3556 alii
835 3516 891 3556 cunr
903 3501 988 3571 prioris
997 3515 1047 3554 ser-

75 3585 147 3640 vitutis
157 3587 276 3641 memoria
291 3586 453 3658 praesentium
469 3585 588 3640 honorum
605 3586 769 3641 testimouium
781 3589 968 3656 componerent,
979 3583 1046 3638 love
