2444 3984
216 255 256 314 24
538 269 573 315 o.
595 269 667 315 rua.
691 267 877 316 1uvuuuu1s

156 443 163 456 ·
216 406 289 467 'lota
310 405 461 467 salutatrix
483 407 538 466 iam
561 406 643 468 turba
664 411 814 486 peregerit
837 406 937 467 orbem

214 488 364 552 Sideribus
387 488 479 549 dubiis
503 499 552 549 aut
573 491 625 551 illo
648 501 796 570 tempore,
821 507 878 570 quo
901 508 934 549 se

213 569 330 650 llrigida
352 574 551 650 circumagunt
572 575 649 653 pigri
673 593 791 638 serraca
813 574 934 634 Bootae.

215 657 315 732 Qualis
339 672 431 716 coena
453 655 569 717 tamen?
586 659 698 734 vinum,
726 658 804 738 quod
826 657 945 718 succida
967 658 1038 718 nolit

213 740 289 799 Lana
310 739 369 817 pati
376 762 383 808 ;
407 739 443 798 de
465 742 587 800 conviva
605 739 770 817 Corybanta
793 740 916 801 videbis.

213 823 309 900 Iurgia
330 822 498 901 proludunt;
523 825 576 884 sed
598 841 666 885 mox
689 834 718 885 et
740 824 848 904 pocula
870 834 990 903 torques

153 904 155 908 ’
214 908 335 966 Saucius
361 915 390 965 et
410 906 496 966 rubra
517 907 655 986 deterges
677 909 797 969 vulnera
818 926 933 987 mappa,

118 987 122 996 ’
212 990 290 1049 Inter
311 1006 366 1048 vos
389 991 503 1067 quoties
525 990 752 1070 libertorumque
775 991 925 1052 eohortem

212 1073 309 1150 Pugna
332 1072 489 1148 Saguntina
511 1074 607 1133 fervet
629 1077 782 1136 commissa
803 1075 917 1152 lagona.

212 1156 281 1234 lpse
303 1154 440 1234 capillato
464 1156 597 1217 diffusum
619 1159 739 1218 consule
761 1167 843 1237 potat

214 1237 419 1317 (talentumque
443 1248 523 1300 tenet
544 1240 631 1300 bellis
653 1242 811 1302 socialibus
833 1259 928 1319 uvam,

213 1321 354 1382 Cardiaco
376 1341 528 1402 numquam
550 1325 685 1400 cyathum
706 1327 845 1386 missurus
867 1327 976 1394 amico;

213 1405 285 1465 Cras
307 1403 388 1465 bibet
409 1405 530 1468 Albanis
550 1408 657 1487 aliquid
682 1409 718 1469 de
740 1409 883 1470 montibus
908 1419 957 1470 aut
978 1409 1015 1470 de

211 1489 337 1565 Setinis,
361 1490 441 1550 euius
463 1493 583 1568 patriam
604 1494 773 1573 titulumque
796 1501 931 1552 senectus

211 1573 328 1633 Delevit
348 1572 436 1634 multa
458 1578 567 1634 veteris
590 1576 711 1653 iuligine
733 1585 838 1651 testas,

210 1655 304 1729 Quale
328 1657 458 1716 coronati
481 1656 609 1717 Thrasea
631 1658 840 1738 Helvidiusque
862 1657 999 1718 bibebant

210 1739 360 1798 Brutorum
382 1747 412 1800 et
433 1736 517 1799 Cassi
539 1740 690 1800 natalibus.
735 1741 803 1820 lpse
827 1758 952 1820 capaces

209 1820 359 1880 Heliadum
381 1831 493 1882 crustas
515 1833 544 1882 et
564 1825 733 1903 inaequales
756 1824 870 1900 beryllo

208 1904 294 1964 Virro
315 1914 396 1966 tenet
417 1904 543 1983 phialas:
569 1907 620 1967 tibi
641 1926 699 1967 non
723 1910 905 1969 committitur
928 1926 1040 1978 aurum;

208 1986 280 2064 Vel,
303 1989 328 2048 si
355 1988 467 2067 quando
489 1988 586 2068 datur,
611 2000 710 2052 custos
731 1993 835 2052 allinus
853 1991 969 2068 ibidem,

208 2071 264 2145 Qui
283 2081 414 2133 numeret
436 2091 582 2151 gemmas,
606 2093 719 2154 ungues
742 2076 881 2136 observet
902 2085 1013 2136 acutos.

205 2154 251 2215 Da
273 2158 403 2216 reniam:
427 2157 579 2235 praeclara
601 2158 643 2218 illi
665 2160 796 2221 laudatur
818 2161 917 2239 iaspis.

206 2237 277 2298 Nam
302 2239 407 2316 Virro,
430 2249 461 2299 ut
481 2240 578 2317 multi,
600 2259 729 2318 gemmas
750 2245 786 2305 ad
807 2243 914 2322 poeula
936 2243 1074 2304 transient

207 2320 233 2379 A
255 2321 367 2398 digitis,
391 2339 463 2401 quas
486 2325 514 2382 in
536 2326 657 2400 vaginae
681 2327 777 2386 ironte
799 2327 915 2387 solebat

206 2404 319 2464 Ponere
341 2405 480 2483 zelotypo
503 2408 614 2467 iuvenis
639 2410 786 2487 praelatus
805 2408 925 2472 Iarbae:

205 2486 248 2546 Tu
270 2487 467 2548 Beneventani
489 2491 595 2550 sutoris
618 2508 722 2554 nomen
742 2492 895 2554 habentem

205 2570 337 2632 siccabis
362 2572 483 2656 calicem
504 2591 638 2636 nasorum
662 2587 854 2655 quattuorue
878 2579 933 2637 iam

205 2653 379 2728 Quassaturn
402 2665 431 2716 et
452 2667 538 2736 rupto
561 2669 732 2737 poscentem
755 2661 865 2721 sullura
887 2663 972 2722 vitro.

204 2739 235 2797 Si
258 2739 424 2800 stomachus
446 2740 552 2802 domini
574 2743 669 2803 ferret
688 2745 816 2823 vinoque
840 2744 976 2822 ciboque‚·

203 2818 348 2899 Frigidior
369 2820 477 2884 Geticis
501 2827 610 2904 petitur
631 2826 753 2888 decocta
776 2829 900 2906 pruinis:

203 2903 268 2964 Non
288 2905 389 2966 eadem
412 2908 495 2968 vohis
517 2911 586 2988 poni
608 2910 693 2970 modo
715 2913 780 2970 rina
793 2907 958 2988 querebar?

204 2988 264 3048 Vos
289 2989 373 3050 aliam
392 2994 498 3069 potatis
524 3011 635 3071 aquam.
681 2993 744 3053 'libi
767 2994 874 3070 pocula
893 2993 996 3054 cursor

203 3070 340 3133 Gaetulus
364 3074 442 3134 dabit
464 3084 512 3135 aut
533 3078 607 3152 nigri
631 3093 728 3135 manus
752 3093 839 3136 ossea
860 3074 962 3153 Mauri,

201 3153 240 3214 Et
262 3156 308 3214 cui
331 3175 386 3236 per
406 3159 529 3219 mediam
552 3159 627 3218 nolis
651 3175 808 3219 occurrere
829 3169 955 3237 noctem,

202 3235 339 3300 Glivosae
362 3241 480 3300 veheris
501 3242 567 3301 dum
589 3259 642 3320 per
663 3253 844 3305 monumenta
866 3241 999 3306 Latinae:

201 3318 271 3382 Flos
294 3322 386 3382 Asiae
408 3334 473 3383 ante
492 3326 601 3402 ipsum,
623 3327 718 3404 pretio
740 3328 850 3388 maiore
872 3337 1002 3406 paratus,

201 3403 293 3476 Quam
314 3405 367 3464 luit
389 3415 420 3464 et
441 3406 517 3467 Tulli
543 3426 648 3469 census
670 3412 811 3489 pugnacis
834 3420 863 3472 ct
884 3411 959 3471 Anci

201 3483 253 3562 Et,
276 3505 314 3546 ne
336 3496 365 3547 te
390 3496 519 3567 teneam,
542 3490 735 3555 Romanorum
758 3496 851 3555 omnia
873 3514 974 3572 regum
