2438 3994
207 287 248 348 62
538 297 574 342 1).
597 295 668 342 run.
692 297 878 344 ruvunnma

206 435 357 498 Pascendi.
393 434 467 508 Quid
491 451 574 512 agam
597 433 696 493 bruma
719 432 866 511 spirante?
891 436 973 513 quid,
998 451 1063 512 oro,

208 519 281 593 Quid
305 519 397 580 dicam
424 518 552 596 scapulis
575 534 730 596 puerorum
754 519 889 595 aquilone
911 517 1071 578 Decembri
1205 530 1206 590 l

206 602 244 663 Et
265 599 409 680 pedibus?
431 601 532 662 durate
554 609 641 679 atque
663 609 835 679 exspectate
858 599 996 661 cicadas?
1205 655 1206 660 ,

206 686 330 762 Verum,
354 694 386 745 ut
407 683 587 759 dissimules,
614 690 645 742 ut
665 685 759 743 mittas
783 693 898 760 cetera,
923 693 1029 762 quanto
1162 693 1194 748 lo

206 769 316 830 ltletiris
338 768 450 847 pretio,
473 767 567 846 qnod,
589 767 617 824 ni
639 765 690 825 tibi
713 766 826 826 deditus
849 784 944 827 essem

206 853 397 930 Devotusque
420 851 529 926 cliens,
553 858 695 909 uxortua
717 851 800 926 virgo
824 847 975 910 maneret?

208 938 273 997 Scis
296 944 394 1010 certe,
422 934 525 1012 quibus
549 934 603 992 ista
626 931 734 1006 modis,
757 949 840 1010 quam
865 950 954 1010 saepe
978 935 1094 1012 rogaris

207 1018 244 1078 Et
266 1036 340 1097 quae
365 1015 522 1094 pollicitus.
558 1014 727 1090 Fugientem
749 1031 839 1093 saepe
861 1015 987 1092 puellam

208 1101 353 1178 Amplexu
376 1099 473 1176 rapui:
496 1096 610 1157 tabulas
631 1112 747 1174 quoque
770 1105 889 1174 ruperat
911 1107 939 1156 et
962 1100 1016 1158 iam
1165 1111 1195 1166 75

208 1183 362 1261 Signabat:
390 1189 450 1240 tota
475 1181 524 1239 vix
549 1179 607 1239 lroc
629 1195 686 1257 ego
713 1189 799 1239 noete
821 1179 942 1255 redemi,

214 1265 250 1325 l'e
279 1265 412 1343 plorante
436 1263 521 1323 loris:
563 1263 646 1322 testis
667 1261 735 1320 milri
760 1262 884 1323 lectulus
907 1273 937 1323 et
958 1273 998 1340 tu,

208 1348 253 1409 Ad
277 1365 362 1426 quem
387 1347 521 1425 pervenit
542 1345 610 1405 lecti
634 1362 723 1405 sonus
746 1354 775 1404 et
797 1347 929 1406 dominae
950 1364 1019 1407 vox.

208 1430 346 1492 instabile
370 1447 404 1489 ao
427 1430 520 1490 dirimi
541 1437 674 1506 coeptum
700 1437 729 1487 et
750 1430 805 1489 iarn
830 1447 925 1508 paene
947 1430 1070 1490 solutum

210 1514 380 1591 Coniugium
402 1514 431 1573 in
453 1511 547 1572 multis
571 1511 702 1572 domibus
724 1513 851 1571 servavit
872 1513 994 1574 adulter.
1163 1525 1196 1578 80

210 1597 275 1671 Quo
296 1607 325 1657 te
349 1591 552 1673 circumagat?
574 1612 648 1672 quae
671 1596 761 1673 prima
782 1604 830 1655 aut
850 1597 948 1657 ultima
969 1594 1084 1674 ponas‘i

208 1681 322 1742 Nullum
348 1696 420 1757 ergo
444 1680 576 1738 meritum
600 1686 662 1753 est,
688 1679 799 1755 ingrate
824 1697 859 1738 ao
878 1679 1009 1757 perlide,
1030 1681 1153 1755 nullum,
1207 1693 1208 1754 l

210 1763 295 1837 Quod
316 1761 368 1821 tibi
391 1761 499 1821 liliolus
520 1760 570 1821 vel
591 1760 649 1820 lilia
674 1762 801 1820 nascitur
823 1780 861 1821 ex
881 1760 950 1822 me?
1207 1777 1208 1780 ’

210 1847 302 1907 Tollis
329 1846 404 1904 enim
428 1854 457 1905 et
477 1842 560 1904 libris
584 1851 713 1904 actorum
735 1862 877 1922 spargere
899 1845 1010 1923 gaudes

210 1930 387 2007 Argumenta
406 1929 470 1988 viri.
502 1925 627 1987 Foribus
651 1927 797 2005 suspende
820 1945 956 2004 coronas,
1163 1939 1193 1994 85

209 2014 268 2074 lam
290 2021 374 2092 pater
397 2029 446 2072 es:
469 2011 616 2087 dedimus,
641 2010 718 2088 quod
742 2011 834 2072 lamae
857 2029 1009 2092 opponere
1028 2012 1143 2089 possis:

209 2096 273 2157 lura
295 2096 423 2174 parentis
445 2094 554 2170 habes,
578 2103 700 2173 propter
721 2112 767 2153 me
793 2095 931 2156 scriberis
954 2094 1053 2171 heres,

210 2179 348 2257 Legatum
369 2197 454 2239 omne
473 2179 571 2256 capis,
591 2195 648 2237 nec
668 2195 726 2238 non
749 2186 778 2237 et
801 2178 886 2238 dulce
911 2179 1059 2239 caducum.

211 2260 369 2323 Commoda
392 2270 547 2340 praeterea
570 2262 723 2338 iungentur
744 2261 830 2321 multa
853 2263 981 2337 caducis,

211 2348 241 2406 Si
264 2362 424 2419 numerum,
448 2345 555 2403 altres
576 2344 773 2422 implevero.“
812 2342 889 2404 iusta
910 2344 1031 2421 doloris,
1163 2356 1192 2410 9⁰

210 2426 358 2501 Naevole,
383 2444 470 2486 causa
492 2426 547 2492 tui:
576 2434 675 2486 contra
697 2434 792 2486 tamen
815 2427 865 2487 ille
887 2426 955 2505 quid
976 2426 1081 2488 alierti

254 2508 416 2587 „Neglegit
431 2517 517 2586 atquc
539 2508 625 2569 alium
647 2508 784 2588 bipedem
805 2511 861 2571 sihi
884 2513 996 2590 quaerit
1018 2512 1153 2573 asellum.

212 2593 292 2654 Haeo
316 2593 373 2652 soli
398 2592 550 2652 commissa
572 2593 625 2652 tihi
647 2593 746 2653 celare
769 2604 924 2670 memento,

212 2677 249 2737 Et
270 2676 374 2737 tacitus
396 2684 510 2737 nostras
533 2676 605 2736 intra
626 2684 656 2736 te
679 2676 737 2754 lige
760 2678 921 2756 querellam

211 2760 283 2821 Nam
305 2777 354 2820 res
376 2761 524 2820 mortifera
550 2768 595 2819 est
621 2761 752 2820 inimicus
773 2763 886 2839 pumice
910 2761 993 2821 levis.
1161 2770 1190 2824 95

213 2843 268 2917 Qut
290 2843 377 2903 modo
400 2853 544 2904 secretum
567 2845 764 2920 commiserat,
787 2846 870 2906 ardet
889 2854 918 2903 et
941 2844 1010 2919 odit,

213 2928 368 3007 Tamquam
388 2926 581 3006 prodiderim,
606 2926 743 3006 quidquid
766 2930 838 2988 scio.
876 2929 997 2988 Sumere
1020 2928 1137 3003 ferrum,

211 3011 299 3070 Fuste
326 3012 441 3087 aperire
465 3019 565 3089 capnt,
592 3009 740 3071 candelam
765 3027 915 3088 apponere
938 3010 1031 3071 valvis

212 3093 276 3153 Non
300 3093 423 3160 dubitat;
451 3111 506 3152 nec
531 3101 696 3152 contemnas
719 3102 766 3152 aut
787 3093 951 3173 despicias,
980 3093 1058 3172 quod

213 3176 264 3236 His
284 3175 389 3253 opibus
410 3193 562 3254 numquam
588 3193 656 3234 cara
676 3185 722 3234 est
742 3192 853 3238 annona
875 3179 990 3240 veneni.
1145 3186 1191 3238 100

213 3258 294 3336 Ergo
317 3258 432 3318 occulta
455 3267 555 3334 teges,
578 3266 606 3316 ut
630 3259 707 3319 ouria
726 3257 825 3319 Martis
846 3259 1002 3320 Athenis.“

215 3341 239 3400 0
260 3339 415 3416 Corydon,
443 3339 597 3416 Corydon,
622 3350 766 3401 secretum
789 3342 885 3403 divitis
909 3344 996 3403 ullum

216 3423 290 3483 Esse
312 3421 420 3502 putas‘l
448 3426 525 3483 servi
548 3432 578 3483 ut
599 3433 731 3502 taceant,
758 3427 882 3487 iumenta
905 3427 1069 3505 loquentur,

215 3506 250 3566 Et
273 3507 351 3566 canis
372 3514 401 3565 et
423 3515 524 3585 postes
545 3516 575 3567 et
597 3525 747 3569 marmora.
782 3508 892 3570 Glande
914 3511 1069 3586 fenestras,
