2444 3984
437 285 562 333 SA'HRA
586 287 633 335 lv.

24 424 157 485 Privatis
184 424 293 484 maiora
317 423 408 494 iouis3
432 424 556 502 genialis
582 435 684 503 agatur

23 508 88 572 lste
112 506 194 579 dios;
215 522 346 585 propera
367 508 545 569 stomaobum
567 508 669 570 laxare
688 511 818 589 saginas,

23 591 64 651 Et
90 599 144 650 tua
165 598 312 652 servatum
337 608 475 652 oonsume
494 595 522 651 in
546 594 646 653 secula
667 593 833 668 rhombum;

23 675 99 753 ipss
124 675 191 752 oapi
213 673 365 734 voluit-
379 674 456 749 Quid
467 673 615 752 apertius?
635 687 664 738 et
678 687 772 738 tamen
794 679 837 739 ilii

24 756 200 835 Surgebant
221 758 344 827 oristae;
367 758 437 818 nihil
459 768 504 819 est
526 760 602 836 quod
626 761 749 822 eredere
772 762 809 822 de
833 782 865 823 se
991 771 1025 826 70

23 841 96 900 Non
116 843 229 920 possit,
257 858 342 920 quum
364 841 505 915 laudatur,
528 845 572 904 dis
584 861 679 922 aequa
701 854 841 923 potestas.

24 925 90 986 Sed
118 924 222 985 deerat
243 926 317 1004 pisoi
339 926 454 1003 patinae
476 944 618 987 mensura.
662 927 812 989 Vocantur

24 1009 113 1085 Ergo
137 1009 165 1068 in
188 1008 339 1069 oonsiiium
362 1025 519 1086 proceres,
544 1027 618 1088 quos
640 1012 743 1072 oderat
766 1013 831 1082 iiio:

25 1093 60 1152 In
87 1108 213 1170 quorum
233 1092 310 1153 faeie
331 1093 455 1152 miserae
475 1111 656 1174 magnaeque
678 1095 800 1156 sedebat

26 1175 133 1236 Pallor
156 1177 308 1237 amicitiae.
353 1174 480 1252 Primus,
504 1177 648 1238 clamante
670 1177 811 1240 Liburno:
989 1187 1023 1242 ’15

28 1258 167 1335 Currite,
191 1260 246 1320 iam
268 1259 357 1319 sedit!
382 1269 465 1338 rapta
488 1261 666 1339 properabat
687 1262 785 1324 abolla

28 1343 185 1420 Pegasus,
209 1344 348 1404 attonitae
371 1345 484 1421 positus
506 1344 592 1403 modo
626 1345 731 1406 vilicus
756 1347 818 1406 urbi
835 1381 876 1392 -

28 1426 119 1485 Anne
143 1425 220 1486 alind
243 1436 311 1486 tuno
334 1424 495 1505 praeieoti'?
522 1444 644 1504 quorum
666 1430 789 1507 optimus
813 1438 900 1507 atque

28 1510 185 1588 interpres
208 1510 307 1587 legum
330 1511 527 1570 sanctissimus
553 1513 646 1571 omnia
670 1530 839 1591 quamquam

29 1593 229 1672 Temporibus
253 1593 322 1654 diris
343 1593 494 1654 tractanda
517 1595 636 1672 putabat
657 1596 759 1656 inermi
992 1605 1027 1660 80

29 1677 157 1738 Iustitia.
202 1676 289 1738 Venit
313 1685 343 1736 et
366 1674 462 1756 Crispi
484 1678 607 1739 iucunda
630 1688 777 1754 senectus,

31 1759 127 1821 Cuius
153 1769 235 1821 erant
256 1777 370 1837 mores,
395 1760 489 1839 qualis
510 1761 660 1839 iaoundia,
683 1763 751 1823 mita

31 1845 199 1922 ingenium
221 1846 309 1905 maria
334 1862 369 1904 ao
392 1853 487 1904 terras
512 1846 698 1924 populosque
721 1849 836 1925 regenti

32 1929 107 2002 Quis
136 1944 235 1989 oomss
258 1927 371 2003 utilior,
393 1928 418 1987 si
440 1928 523 1988 olade
546 1938 576 1988 st
598 1939 684 2008 peste
711 1930 764 1990 sub
784 1929 834 1990 illa

32 2012 194 2072 Saevitiam
216 2011 352 2072 damnare
379 2020 409 2071 et
430 2010 586 2072 honestum·
604 2013 710 2073 afferre
733 2013 837 2073 linerat
992 2022 1026 2076 85

34 2091 218 2156 Consilium?
242 2095 295 2156 sed
319 2096 385 2174 quid
407 2095 564 2155 violentius
587 2113 656 2156 aura
679 2097 802 2171 tyranni,

36 2178 109 2239 Cum
131 2196 190 2258 quo
213 2179 249 2239 do
270 2177 377 2257 pluviis
399 2188 448 2240 aut
469 2179 597 2238 aestibus
619 2188 668 2239 ant
689 2179 820 2240 nimboso

36 2263 115 2323 Vare
139 2262 264 2323 ioouturi
285 2262 374 2324 iatum
396 2262 542 2341 pendebat
562 2259 666 2323 amici?

37 2346 92 2406 llle
112 2347 200 2424 igitur
223 2364 375 2425 numquam
400 2347 507 2406 direxit
527 2345 645 2407 brachia
668 2355 769 2407 contra

38 2430 225 2506 Torrentem,
250 2449 306 2490 neo
329 2431 400 2489 uiris
423 2439 503 2505 erat,
527 2432 576 2510 qni
600 2431 693 2491 libera
715 2439 818 2509 posset
993 2438 1028 2494 90

38 2513 136 2574 Verba
158 2515 243 2574 animi
266 2512 402 2592 proferre
425 2522 455 2573 et
476 2515 562 2573 vitam
585 2514 753 2593 impendero
776 2531 858 2575 uero.

40 2597 88 2658 Sio
110 2597 213 2658 multas
236 2598 347 2658 hiemes
371 2606 457 2674 atque
482 2600 663 2675 octogesima
684 2597 755 2658 vidit

41 2681 187 2757 solstitia,
210 2680 255 2741 bis
278 2682 364 2740 armis
386 2680 437 2740 illa
458 2698 575 2758 quoque
601 2689 677 2739 tutus
700 2681 729 2739 in
750 2681 824 2741 aula.

40 2764 188 2824 Proximus
211 2764 340 2825 eiusdem
363 2764 541 2842 properabat
563 2763 674 2823 Acilius
698 2765 764 2823 aevi

43 2846 111 2908 Cum
130 2847 236 2907 iuvene
258 2847 394 2924 indigno,
417 2865 502 2926 quem
523 2864 600 2906 mors
622 2854 680 2906 tam
702 2864 791 2907 saeva
812 2855 942 2907 manaret
995 2854 1029 2908 95

42 2931 78 2991 Et
101 2930 205 2991 domini
228 2930 333 3009 gladiis
355 2940 412 2991 tam
435 2932 585 2998 iestiuata;
608 2929 660 2990 sed
685 2929 753 2990 olim

43 3014 177 3092 Prodigio
197 3032 251 3094 par
274 3016 369 3074 estin
391 3015 542 3074 nobilitate
565 3021 717 3074 senootus:

43 3097 123 3159 Unde
144 3099 190 3173 dt,
214 3107 246 3157 nt
267 3097 362 3158 malim
384 3097 558 3159 irateronlus
583 3113 649 3157 esse
674 3095 817 3176 Gigantisi

44 3181 151 3241 Profuit
173 3198 246 3260 ergo
268 3182 339 3242 nibil
361 3183 485 3257 misero,
509 3181 586 3260 quod
612 3182 741 3240 cominus
763 3195 847 3239 ursos

46 3263 162 3342 Pigebat
184 3264 322 3327 Numidas
344 3265 458 3326 Albana
481 3264 572 3324 nudus
594 3282 681 3324 arena
981 3274 1030 3324 loo

47 3348 186 3417 Venatum
211 3350 275 3429 quis
300 3350 374 3409 onim
397 3349 452 3408 iam
475 3365 532 3409 non
551 3348 705 3424 intellegat
719 3356 797 3418 artes

50 3430 201 3492 Patrioiasi
226 3435 290 3512 quis
313 3435 441 3511 prisoum
462 3432 532 3493 iliud
555 3433 673 3492 miratur
695 3449 825 3508 acumen,

49 3513 149 3591 brute,
173 3513 272 3576 tuum?
298 3517 385 3577 tacite
407 3526 452 3577 est
472 3516 593 3577 barbato
617 3516 766 3594 imponere
787 3515 860 3592 regi.
