2438 3994
207 271 247 331 74
552 279 587 325 o.
612 278 683 325 nm.
707 243 892 325 ruvnnnnrs

207 420 324 482 Fortem
346 434 438 497 posce
462 418 600 492 animum,
623 417 723 476 mortis
745 424 859 475 terrore
883 426 1038 493 carentem,

208 504 264 579 eri
285 503 406 581 spatium
436 502 513 560 vitae
538 509 697 560 extremum
723 500 796 559 inter
820 516 938 560 munera
959 510 1048 578 ponat

207 588 351 662 Naturae,
382 585 430 663 qui
453 585 532 645 ferre
557 592 643 662 queat
668 599 868 662 quoscumque
893 584 1023 660 labores,

206 671 327 732 Nesciat
349 669 452 745 irasci,
477 668 573 746 cupiat
597 667 667 736 nihil
689 675 718 726 et
740 668 872 744 potiores
1150 677 1200 732 360

206 753 341 814 Herculis
365 770 517 812 aerumnas
544 751 643 812 credat
670 767 835 828 saevosque
858 751 976 812 labores

207 837 245 897 Et
265 837 384 897 Venere
407 845 436 895 et
462 836 562 896 coenis
584 844 614 894 et
638 835 734 913 pluma
759 835 968 914 Sardanapalli.

206 920 337 982 llonstro
360 920 438 999 quod
460 921 525 998 ipse
548 919 599 979 tibi
626 920 723 996 possis
749 918 834 987 dare;
861 921 962 980 semita
984 928 1066 980 certe

206 1004 392 1082 Tranquillas
420 1022 474 1081 per
493 1004 627 1062 virtutem
650 1011 730 1081 patet
753 1002 837 1062 unica
859 1004 946 1063 vitae.

206 1088 322 1149 Nullum
342 1105 445 1148 numen
467 1087 566 1162 abest,
590 1087 614 1144 si
638 1087 675 1145 sit
693 1086 859 1163 prudentia;
883 1103 937 1146 nos
959 1096 988 1146 te
1151 1096 1199 1151 365

206 1170 268 1231 Nos
290 1172 429 1246 iacimus,
453 1169 597 1246 Fortuna,
624 1169 707 1230 deam
732 1168 878 1248 coeloque
899 1170 1039 1232 locamus.

535 1490 769 1555 SATIRA
799 1489 860 1554 XI.

205 1619 326 1713 Atticus
350 1649 456 1708 eximie
476 1650 501 1708 si
526 1658 646 1725 coenat,
670 1649 764 1709 lautus
786 1648 923 1716 haletum

207 1736 237 1796 Si
260 1732 389 1808 Rutilus,
414 1732 544 1792 demens.
579 1733 653 1806 Quid
677 1734 752 1793 enim
776 1734 886 1793 maiore
910 1731 1050 1793 cachinno

206 1817 359 1895 Excipitur
383 1815 480 1894 vulgi,
506 1834 590 1895 quam
613 1834 724 1896 pauper
747 1813 889 1896 Apicius?
910 1816 1001 1877 omnis

208 1900 381 1977 Convictus,
404 1899 550 1978 thermae,
578 1902 735 1976 stationes,
757 1917 841 1960 omne
863 1900 1005 1960 theatrum

208 1983 252 2047 tte
278 1984 386 2045 Rutilo.
420 1982 492 2044 Nam
518 1984 583 2044 dum
607 1985 702 2045 valida
727 2002 763 2045 ac
786 1983 930 2044 iuvenalia
953 1984 1084 2046 membra
1185 1999 1198 2049 t

208 2069 360 2130 Sulliciunt
386 2067 508 2145 galeae,
535 2068 659 2147 dumque
685 2068 787 2129 ardent
812 2068 967 2145 sanguine,
993 2069 1098 2146 fertur,

206 2153 272 2214 Non
297 2160 422 2229 cogente
446 2152 578 2230 quidem,
603 2152 655 2212 sed
678 2170 735 2212 nec
757 2152 933 2230 prohibente
955 2152 1083 2229 tribuno,

208 2238 374 2314 Scripturas
398 2235 482 2312 leges
509 2244 539 2295 et
564 2236 646 2312 regia
670 2234 760 2296 verba
782 2234 915 2295 lanistae.

207 2319 314 2381 llultos
337 2334 426 2397 porro
450 2317 549 2393 rides,
574 2335 648 2397 quos
672 2336 763 2397 saepe
789 2318 888 2378 elusus
914 2318 950 2378 ad
976 2320 1069 2399 ipsum

209 2401 343 2463 creditor
365 2402 510 2460 introitum
535 2401 614 2460 solet
636 2410 810 2479 exspectare
834 2400 961 2477 macelli,
1171 2418 1198 2470 lc

207 2485 245 2546 Et
272 2482 374 2563 quibus
396 2484 424 2541 iu
449 2482 513 2543 solo
537 2483 653 2546 vivendi
676 2502 763 2545 causa
786 2483 884 2564 palato
908 2494 964 2545 est.
1070 2483 1073 2490 ’

209 2568 354 2646 Egregius
378 2576 483 2627 coenat
504 2568 668 2647 meliusque
687 2569 864 2629 miserrimus
887 2567 988 2630 lrororn

207 2653 245 2714 Et
271 2653 328 2712 cito
353 2669 473 2712 casuros
498 2654 553 2712 iam
575 2652 745 2731 perlucente
772 2654 863 2713 ruina.

207 2737 322 2798 Interea
346 2745 446 2813 gustos
470 2736 613 2797 elementa
638 2754 692 2816 per
714 2738 807 2797 omnia
830 2745 981 2815 quaerunt,
1131 2795 1136 2804 ,
1206 2789 1207 2808 ,

207 2820 368 2900 Numquam
395 2822 488 2881 animo
511 2822 611 2899 pretiis
638 2821 833 2888 obstantibus;
861 2821 980 2881 interius
1004 2822 1028 2881 si
1169 2837 1195 2887 15

208 2903 367 2980 Attendas,
390 2905 482 2982 magis
504 2905 554 2966 illa
577 2907 688 2982 iuvant,
712 2922 787 2985 quae
811 2904 901 2983 pluris
925 2913 1065 2965 emuntur.

207 2987 287 3066 Ergo
310 2987 385 3047 lraud
410 2987 530 3049 dillicile
553 2998 597 3049 est
623 2990 778 3067 perituram
802 3005 955 3048 arcessere
979 3006 1128 3068 summam,

207 3070 349 3131 Lancibus
376 3073 520 3150 oppositis
544 3072 593 3133 rel
618 3073 716 3133 matris
736 3072 861 3149 imagine
884 3072 987 3148 fracta,

208 3153 246 3214 Et
272 3154 488 3233 quadringentis
512 3157 631 3215 nummis
656 3155 775 3215 condire
799 3155 934 3232 gulosum

208 3237 329 3299 Fictile:
353 3240 396 3298 sic
418 3240 536 3300 veniunt
563 3239 598 3299 ad
634 3239 810 3299 miscillauea
832 3238 900 3298 ludi.
1165 3253 1206 3304 not

209 3321 312 3381 Refert
338 3339 425 3400 ergo,
450 3325 514 3401 quis
538 3323 612 3384 haec
637 3323 738 3383 eadem
766 3331 864 3400 paret:
888 3323 916 3381 in
940 3321 1036 3382 Rutilo
1062 3341 1127 3383 nam

209 3403 333 3464 luxuria
358 3414 421 3481 est,
446 3407 474 3464 in
497 3406 631 3466 Ventidio
657 3405 801 3467 laudabile
824 3422 929 3466 nomen

210 3487 300 3546 Sumit
326 3497 355 3548 et
377 3507 393 3548 a
416 3507 504 3549 censu
527 3490 629 3550 lamam
653 3489 748 3551 tralrit.
785 3489 868 3551 lllum
893 3506 950 3567 ego
972 3490 1034 3550 iure
