2444 3984
580 291 615 338 D.
640 289 711 338 lum.
734 288 920 336 Iuvencus

516 629 557 722 ll.
583 625 693 720 llllll
717 623 942 718 llllllllll

634 777 814 856 nourrius

404 911 1052 1028 scrinillum

571 1138 673 1204 LIBER
700 1133 879 1202 SECUNDUS.

645 1308 810 1318 ---——

550 1391 907 1506 sensurus.

231 1551 333 1644 Credo
356 1578 525 1642 Pudicitiam
548 1583 670 1644 Saturno
689 1601 767 1659 ,rege
789 1587 928 1640 moratam

235 1666 267 1726 ln
289 1665 376 1724 terris
397 1666 548 1744 visamque
571 1667 635 1742 diu,
660 1685 745 1746 quum
768 1662 874 1741 frigida
894 1675 1001 1739 parvas

236 1748 397 1808 Praeberet
418 1748 559 1826 spelunca
581 1751 683 1810 domos
705 1751 860 1826 ignemque
881 1745 1030 1820 laremque

236 1831 273 1891 llt
295 1847 388 1910 pecus
410 1839 440 1890 et
462 1831 593 1892 dominos
617 1833 757 1893 communi
780 1829 931 1890 clauderet
952 1823 1065 1892 umbra:

236 1915 407 1976 Silvestrem
428 1925 562 1977 montana
581 1926 675 1977 torum
695 1934 780 1996 quum
801 1919 948 1974 sterneret
969 1924 1043 1968 uxor

235 1997 399 2062 Frondibus
425 2010 454 2060 et
477 2000 571 2060 culmo
591 2001 807 2078 vicinarumque
830 1998 956 2058 ferarum

235 2083 382 2160 Pellibus,
406 2084 481 2145 haud
503 2084 602 2144 similis
626 2086 695 2161 tibi,
717 2082 856 2160 Cynthia,
876 2097 932 2140 nec
951 2075 1020 2151 tibi,
1044 2076 1126 2134 ouius

236 2167 376 2228 l'urhavit
396 2168 504 2229 nitidos
527 2171 687 2230 exstinctus
706 2185 811 2247 passer
831 2163 958 2238 ocellos,

236 2252 297 2312 Sed
319 2252 446 2329 potanda
472 2251 572 2312 ferens
594 2252 749 2312 infantibus
772 2250 862 2310 ubera
884 2246 1006 2324 magnis,

236 2334 274 2395 Et
291 2353 383 2413 saepe
403 2335 549 2395 horridior
570 2335 706 2412 glandem
727 2343 858 2395 ructante
881 2331 993 2392 marito.
1188 2337 1196 2386 l

238 2417 354 2496 Quippe
377 2417 461 2477 aliter
480 2427 547 2478 tunc
567 2419 639 2478 orbe
661 2436 738 2478 novo
761 2417 907 2495 coeloque
929 2411 1042 2474 recenti

235 2500 383 2561 vivebant
405 2500 554 2579 homines,
579 2504 628 2580 qui
649 2511 734 2581 rupto
758 2500 867 2561 robore
890 2499 948 2559 nati

238 2582 437 2663 compositive
460 2585 520 2646 luto
543 2586 639 2646 nullos
660 2586 790 2647 habuere
814 2591 960 2663 parentes.

236 2668 326 2730 llolta
348 2668 505 2748 pudicitiae
526 2672 636 2731 veteris
657 2671 781 2747 vestigia
803 2667 903 2728 forsan

239 2753 295 2813 Aut
318 2753 414 2832 aliqua
437 2756 601 2814 exstiterint
621 2763 651 2814 et
671 2753 725 2814 snb
747 2753 832 2821 love;
857 2751 911 2810 sed
932 2747 1003 2808 love
1024 2745 1149 2806 nondum
1188 2753 1196 2802 l

237 2837 380 2913 Barbato,
403 2838 527 2898 nondum
550 2837 670 2899 Graecis
692 2839 789 2897 iurare
812 2835 920 2913 paratis

237 2921 294 2983 Per
316 2930 401 3000 caput
422 2922 556 2998 alterius,
580 2940 665 3001 quum
686 2921 778 2980 iurem
800 2935 884 2979 nemo
906 2918 1022 2976 timeret

240 3002 376 3064 Gaulibus
400 3014 429 3064 et
450 3007 545 3084 pomis
567 3013 596 3064 et
616 3013 717 3083 aperto
741 3006 855 3063 viveret
876 3000 972 3061 horto.

239 3088 374 3148 Paulatim
396 3087 501 3166 deinde
524 3089 560 3148 ad
581 3104 706 3167 superos
727 3087 853 3146 Astraea
872 3083 998 3145 recessit

238 3171 299 3232 llac
321 3174 443 3247 comite,
468 3181 555 3248 atque
577 3171 651 3231 duae
676 3171 785 3249 pariter
807 3169 911 3246 fugere
934 3182 1062 3228 sorores.

239 3254 393 3334 Antiquum
416 3262 550 3314 etvetus
574 3263 619 3314 est
641 3253 782 3329 alienum,
804 3253 957 3327 Postume,
980 3250 1087 3309 lectum

240 3336 406 3398 Goncntere
428 3346 515 3416 atque
541 3339 617 3398 sacri
639 3339 756 3415 genium
781 3345 968 3397 contemnere
991 3332 1087 3392 fulcri.

240 3420 330 3479 Omne
349 3421 426 3480 aliud
448 3422 555 3482 crimen
577 3439 646 3483 mox
665 3421 763 3482 ferrea
786 3420 906 3500 protulit
927 3425 1023 3479 astas:

239 3503 381 3564 Viderunt
401 3505 509 3582 primos
532 3515 671 3584 argentea
690 3505 789 3566 secula
811 3502 962 3563 moechos.
