2444 3984
210 239 259 282 XX
594 237 803 286 rudusculo.

206 393 263 434 snm
273 385 380 446 metuat,
392 395 422 438 an
433 381 458 438 id
471 381 651 438 fundamentum
662 383 751 456 eligat,
770 383 840 440 cuius
849 382 921 437 etiam
932 381 1082 454 corruptelae
1092 397 1189 440 meram

208 462 373 536 antiquitatem
383 465 483 536 sapiant,
494 480 540 521 nec
549 481 649 522 numero
660 467 756 522 illorum
766 481 812 521 nee
820 465 922 521 blandae
931 465 1020 536 speciei
1029 465 1132 523 concedi
1145 468 1191 524 de·

207 546 256 610 bet,
270 555 298 601 ut
307 547 424 620 singulari
436 548 508 604 buirus
517 550 675 621 praestantiae
685 557 709 605 et
719 550 774 606 tidei
784 549 940 620 praeferatur.
969 549 1043 621 Atqrd
1052 565 1106 604 rara
1116 549 1189 606 lure

206 630 267 687 nalis
275 630 370 686 fortuna
384 633 474 688 sactum
494 639 542 697 est,
562 635 620 689 utis
633 633 725 697 codex,
739 647 811 705 mem
826 633 905 688 solum
914 632 962 688 hac
972 633 1119 706 integritatis
1128 641 1190 692 nota

208 714 325 769 excellere
335 715 384 771 dixi
393 761 399 785 ,
418 732 449 772 ex
458 717 563 773 Rudensi
574 717 688 773 Matthiae
698 717 794 774 Corvini
810 715 955 772 bibliotheca
972 717 1081 773 sublatus
1090 724 1189 773 mature

207 798 231 852 in
241 797 306 852 Petri
315 798 408 855 Pithoel
424 815 509 856 manus
519 803 666 871 perveniret,
685 803 727 873 qui
742 799 848 856 eiusdem
867 815 913 871 ope
929 800 955 855 io
965 800 1070 856 editione
1080 799 1188 856 Parisino

208 886 275 939 1585
291 889 377 952 poetae
393 885 464 940 verba
482 885 514 939 ita
531 885 667 954 recensuit,
684 891 712 940 ut
733 884 804 940 buius
825 883 972 939 recensionis
991 884 1121 940 auotoritas
1143 900 1188 956 per

177 1039 180 1046 ι
207 965 323 1020 ducentos
339 967 441 1036 amplius
459 983 534 1023 annos
548 969 600 1024 sere
617 969 668 1024 sola
684 971 709 1023 in
719 967 830 1023 Iuvenale
845 975 958 1040 regnaret
972 982 1075 1039 eumque
1085 969 1189 1024 internis

206 1049 302 1104 dotibus
312 1049 384 1104 etiam
394 1052 514 1122 vulgatae,
525 1065 587 1123 qnae
597 1053 696 1117 dicitur,
707 1053 775 1106 velut
786 1052 998 1122 praescriptionem
1011 1052 1188 1123 coniungeret;

206 1145 252 1186 nec
261 1131 341 1188 minus
354 1140 451 1205 gratum
461 1134 479 1191 l.
490 1135 520 1190 lt.
532 1134 638 1191 Crameri
648 1136 771 1191 inventum
782 1135 834 1204 luit,
846 1137 887 1207 qui
897 1135 1027 1191 eorundem
1037 1134 1188 1191 scholiorum

206 1214 326 1287 genuinae
346 1218 471 1272 vetustmis
480 1220 688 1275 commendatione
704 1220 886 1290 praestantium,
903 1235 1006 1291 quorum
1027 1225 1121 1290 partem
1137 1219 1187 1274 iam

207 1298 326 1372 Georgius
333 1301 399 1357 Valla
409 1303 580 1359 conmonurio
590 1320 635 1360 suo
645 1303 728 1359 venet.
741 1307 809 1362 1486
820 1304 964 1368 inseruerat,
981 1303 1087 1373 pleniora
1104 1308 1187 1358 autem

206 1397 237 1439 ex
251 1399 296 1438 suo
308 1386 391 1441 codice
401 1386 516 1443 Pithoeus
531 1388 680 1457 subiecerat,
698 1387 821 1460 integrum
832 1387 954 1458 exemplar
970 1402 1001 1441 ex
1010 1386 1069 1443 bibl.
1082 1385 1187 1458 Sangal-

204 1467 266 1523 lensi
276 1484 299 1526 a.
312 1474 381 1529 tund
390 1471 478 1534 edidit;
492 1472 557 1543 quod
567 1473 612 1528 nisi
622 1472 788 1543 intempestiva
799 1472 938 1526 criticomm
948 1469 1053 1526 sollertia
1065 1469 1109 1526 sub
1121 1470 1186 1525 idem

205 1558 301 1622 tempus
317 1569 391 1610 novas
406 1555 489 1610 turbas
505 1557 632 1621 movisset,
649 1557 698 1610 iam
713 1562 767 1611 turn
778 1561 844 1610 recta
861 1554 891 1609 ad
908 1554 1043 1610 iuvenalem
1060 1554 1189 1610 emendate

204 1635 335 1706 legendnm
346 1637 384 1692 via
394 1639 498 1707 patebat.
527 1640 557 1692 At
569 1640 632 1694 enim
642 1639 706 1710 quod
716 1653 789 1710 saepe
798 1653 837 1692 res
846 1637 908 1692 bene
919 1637 1062 1692 constitutas
1076 1643 1186 1692 enorme

205 1719 354 1787 experimur,
374 1727 402 1774 ut
417 1721 615 1776 malahomiuum
631 1721 759 1787 sedulitas,
777 1720 835 1775 dum
845 1719 918 1774 etiam
928 1718 1040 1774 meliores
1052 1719 1131 1774 lacere
1142 1734 1188 1774 cu·

204 1801 272 1871 piens
283 1803 387 1857 remedia
397 1804 566 1875 circumspicit,
579 1805 630 1875 ipsa
638 1803 726 1858 horum
737 1804 760 1857 vi
772 1803 887 1858 obmatur
897 1809 922 1857 et
932 1801 1029 1874 caliget,
1040 1802 1064 1857 in
1073 1802 1187 1858 Iuvenale

204 1901 300 1958 quoqne
311 1886 414 1950 accidit;
431 1889 500 1944 cuius
511 1904 585 1961 quum
595 1894 634 1942 tot
643 1887 739 1944 codices
750 1893 808 1959 quot
818 1887 859 1942 vix
870 1883 942 1942 ullius
953 1886 1050 1942 dunos
1060 1887 1186 1957 scriptoris

204 1986 228 2025 m
246 1970 398 2027 bibliothecis
416 1980 555 2037 serventur,
574 1973 661 2028 borum
677 1972 822 2028 lectionibus
833 1970 976 2044 colligendis
987 1970 1186 2043 conferendisqoc

204 2054 347 2126 Rupertius,
359 2056 518 2126 bohaintrius,
528 2056 693 2123 Hermobius,
705 2058 764 2113 dum
773 2056 892 2126 corruptis
905 2055 966 2111 loeis
974 2054 1091 2114 medelam
1102 2069 1185 2124 parare

204 2139 249 2193 sibi
259 2140 407 2208 ridebantur,
417 2142 482 2198 haud
490 2157 545 2197 raro
555 2149 581 2197 ot
590 2142 636 2212 ipsi
645 2157 717 2197 sanos
727 2146 885 2212 corruperunt
892 2145 917 2193 et
927 2140 979 2193 aliis
990 2145 1100 2194 auctores
1110 2138 1184 2192 exsti·

205 2231 300 2288 terunt,
313 2231 341 2279 ut
360 2232 402 2280 aut
412 2240 512 2281 numero
524 2227 622 2281 testium
633 2232 675 2280 aut
686 2241 731 2280 suo
744 2224 903 2296 qualicunque
913 2221 1002 2276 iudicio
1013 2221 1068 2276 freti
1087 2237 1131 2291 pro
1148 2222 1184 2276 in-

205 2313 274 2376 tegra
291 2313 377 2375 poetae
395 2309 502 2363 oratione
519 2323 572 2363 eam
587 2308 750 2373 venditarent,
768 2321 839 2377 quam
855 2320 885 2359 ex
902 2304 1026 2358 temeraria
1042 2303 1115 2358 medii
1132 2305 1185 2360 aevi

204 2389 389 2458 interpolatione
401 2390 506 2445 deterius
515 2390 631 2446 librorum
640 2404 719 2461 genus
730 2402 861 2459 occupasse
870 2387 987 2450 vidimus;
999 2401 1184 2458 quemquamne

203 2471 252 2526 hoc
263 2473 359 2543 quidem
371 2473 396 2528 in
407 2487 498 2544 genere
508 2473 542 2528 ita
550 2473 597 2529 sibi
611 2473 782 2536 constiterunt,
794 2478 836 2539 ut,
847 2472 912 2542 quod
923 2470 1026 2542 aliquem
1037 2467 1103 2524 certe
1112 2487 1183 2526 usum

204 2556 365 2626 praebuisset,
385 2573 416 2612 ex
426 2572 516 2629 magna
526 2557 671 2614 detenomm
681 2556 813 2611 lectionum
824 2555 894 2624 copia
904 2569 958 2609 eam
968 2553 1119 2624 potissimum
1130 2569 1182 2610 vcr-

204 2641 290 2696 borum
302 2642 516 2697 cont'onnatiouem
528 2642 664 2704 efficerent,
682 2654 742 2711 quae
752 2637 902 2709 corruptelae
919 2642 992 2708 caput
1003 2642 1027 2692 et
1038 2638 1092 2693 sons
1102 2637 1182 2694 baberi

203 2731 301 2795 posset,
317 2725 361 2780 sed
377 2740 425 2798 quo
442 2726 540 2797 propius
558 2740 586 2781 se
602 2724 696 2780 illamm
716 2738 762 2793 ope
772 2723 802 2778 ad
817 2723 868 2792 ipsa
885 2727 971 2792 poetae
987 2720 1060 2776 verba
1070 2722 1181 2778 accedere

203 2809 338 2879 sperabant,
350 2823 379 2865 eo
390 2809 508 2866 minorem
518 2824 588 2865 verae
598 2808 747 2878 conuptclae
756 2807 917 2878 suspicionem
928 2805 1078 2862 adhibebant.
1096 2805 1180 2860 Fausto

204 2893 279 2965 igitur
296 2909 353 2948 casu
370 2895 481 2966 contigit,
492 2900 520 2948 ut
532 2892 615 2949 Ottoni
625 2893 714 2956 labnlo,
726 2905 798 2962 quem
809 2891 856 2946 ianr
868 2891 892 2945 in
902 2889 977 2945 Persii
990 2889 1094 2944 editione
1103 2903 1180 2942 veram

203 2977 316 3031 codicum
323 2979 549 3034 conditionemsano
559 2976 647 3032 iudicio
655 2975 803 3046 existimasse
812 2975 869 3042 dixi,
877 2975 996 3045 insperata
1007 2969 1179 3044 ipsiusPithoe-

203 3059 241 3114 ani
252 3060 282 3113 ab
293 3061 389 3133 integro
406 3059 560 3130 comparandi
571 3060 664 3115 occasio
682 3059 819 3123 odenatum
831 3071 902 3130 menn
913 3057 1178 3130 quumetiama.1tlti

204 3153 324 3215 tamquam
340 3143 455 3200 amissum
472 3143 646 3215 deplorassem,
665 3159 723 3198 mox
745 3143 809 3198 tobei
824 3142 930 3198 ltdbneri
952 3141 1067 3197 industria
1082 3140 1105 3194 in
1120 3139 1177 3194 bibl.

204 3227 410 3298 llontepossulana
428 3228 568 3300 indagatum
585 3228 710 3299 doctisque
727 3227 810 3282 usibus
832 3227 950 3282 redditum
969 3240 1023 3280 esse
1034 3229 1177 3294 compertum

203 3318 255 3373 estc
265 3311 383 3384 huiusque
392 3312 499 3367 subsidio
510 3313 558 3367 iam
569 3313 602 3368 ita
613 3311 765 3367 emendatum
775 3310 910 3366 Iuvenalem
921 3309 1003 3364 labnio
1021 3307 1139 3369 rimemus,
1152 3312 1178 3360 ut

203 3394 293 3451 nullam
304 3411 418 3469 umquam
429 3397 558 3452 editionem
575 3404 662 3468 poetae
672 3411 770 3453 manum
781 3395 875 3451 felicius
886 3393 1031 3465 expressisse
1041 3390 1176 3455 renumsit,

203 3493 250 3534 nec
264 3481 349 3551 siquis
364 3481 388 3536 in
406 3481 510 3555 singulis
527 3481 625 3554 longius
640 3480 738 3552 procedi
749 3495 821 3551 posse
836 3483 919 3549 putot,
938 3477 1007 3532 aliter
1022 3475 1070 3531 lroc
1081 3470 1176 3548 aggredi

203 3563 288 3633 liceat,
299 3579 370 3637 qnam
387 3571 415 3621 ut
429 3566 538 3622 illumin
559 3567 611 3638 ipsa
627 3564 750 3622 Pithoeani
768 3564 871 3619 lectione
891 3560 929 3616 vel
949 3559 1121 3630 interpretanda
1140 3557 1175 3612 vd
