2444 3984
192 270 228 329 tc
432 265 435 273 “
512 281 547 326 o.
570 279 642 326 rou.
664 276 849 327 ruvuuucrs

188 421 292 481 Lectus
315 428 378 480 erat
398 417 496 478 Codro
519 416 643 478 Procula
664 417 772 492 minor,
795 417 910 476 urceoli
932 437 996 496 sex,
1040 490 1042 494 Ι

188 504 390 564 Ornamentum
412 500 513 577 abaci,
537 517 671 561 necnon
694 510 722 559 et
741 501 878 578 parvulus
898 502 971 562 inira

187 588 348 648 Cautharus
372 595 402 646 et
424 585 568 645 recubans
589 583 642 643 sub
665 583 769 644 eodem
791 603 934 645 marmore
958 584 1080 646 Chiron·
1129 595 1185 647 tot

186 672 305 751 lamque
328 679 413 730 vetus
436 685 564 744 graecos
586 666 722 728 servabat
744 669 815 728 cista
837 669 966 746 libellos,

187 755 225 815 Et
245 755 340 815 diviua
360 754 439 831 opici
459 751 602 813 rodebant
624 752 750 812 carmina
770 771 876 813 mures.

123 838 124 842 ’
186 839 234 899 Nil
252 838 351 899 habuit
369 835 498 906 Codrus3
521 838 585 916 quis
609 837 682 896 enim
702 833 811 912 negat?
835 845 865 897 ct
886 846 982 898 tamen
1004 836 1074 898 illud

187 922 316 985 Perdidit
333 921 435 982 inielix
456 929 547 980 totum
567 920 656 981 nihil:
678 920 794 979 ultimus
814 930 910 982 autem

73 1080 75 1084 .
187 1007 352 1066 Aeromnac
369 1013 414 1064 est
430 1003 578 1080 cumulus,
595 1004 672 1083 quod
689 1003 793 1063 nudum
809 1013 838 1064 et
854 1005 946 1066 irusta
961 1014 1113 1085 rogantem
1130 1015 1184 1068 210

187 1089 280 1149 Nemo
304 1089 389 1164 cibo,
412 1105 498 1147 nemo
520 1087 648 1166 hospitio
668 1095 808 1166 tectoque
826 1089 944 1150 iuvabit.
986 1143 988 1148 .

187 1174 219 1233 Si
238 1190 343 1251 magna
364 1171 495 1231 Asturici
518 1171 625 1231 cecidit
647 1171 766 1247 domus,
784 1171 907 1233 horrida
926 1183 1029 1250 mater,

187 1256 292 1316 Pullati
313 1273 473 1334 proceres,
494 1254 591 1315 differt
612 1254 774 1315 vadimonia
793 1265 927 1333 praetor;

188 1340 269 1400 Tunc
289 1341 431 1417 gemimus
452 1354 538 1399 casus
558 1334 655 1413 urhis,
673 1347 741 1400 tunc
761 1339 873 1399 odimus
893 1342 998 1418 iguem.

188 1423 282 1483 Ardet
303 1423 413 1499 adhuc,
437 1431 466 1482 et
490 1424 545 1482 iam
566 1423 692 1483 accurrit
714 1424 924 1503 quimarmora
945 1425 1044 1498 donet,
1128 1434 1182 1486 215

188 1505 330 1568 Conferat
352 1507 514 1585 impensas:
536 1506 585 1566 hic
605 1508 680 1567 nuda
703 1514 732 1566 et
754 1506 875 1570 candida
898 1509 991 1586 signa,

187 1591 241 1652 Hic
261 1591 370 1670 aliquid
393 1591 575 1668 praeclarum
594 1590 792 1668 Euphranoris
812 1599 841 1649 et
860 1591 1005 1667 Polycliti,
1073 1661 1077 1670 .

186 1674 268 1735 llaec
290 1673 464 1734 Asianorum
487 1683 588 1734 vetera
610 1683 776 1734 ornamenta
799 1674 930 1751 deorum,

168 1759 241 1828 ,Hic
264 1757 356 1817 libros
379 1757 504 1817 dubitet
524 1757 636 1817 lorulos
658 1758 841 1838 mediamque
861 1757 1029 1835 Minervam,

190 1842 241 1901 llic
264 1840 390 1902 modium
409 1841 538 1919 argeuti;
560 1841 682 1902 meliora
704 1859 740 1902 ac
759 1842 842 1920 plura
861 1844 978 1921 reponit
1129 1852 1181 1904 220

189 1923 324 1986 Persicus
348 1923 484 1985 orborum
505 1925 680 1985 lautissimus
701 1934 730 1986 et
750 1928 853 1986 merito
876 1927 931 1986 iam

74 2009 77 2014 ’
174 2005 367 2088 Suspectus,
388 2018 530 2088 tamquam
551 2011 616 2088 ipse
638 2028 705 2070 suas
724 2009 885 2071 incenderit
906 2011 1006 2071 aedes.

188 2094 220 2154 Si
240 2102 326 2171 potes
349 2092 436 2153 avelli
455 2093 654 2169 circensibus,
679 2096 786 2173 optima
804 2095 897 2154 Sorae

188 2177 246 2237 Aut
261 2174 456 2237 Fabrateriae
469 2178 571 2237 domus
592 2186 642 2238 aut
662 2177 823 2238 Frusinone
846 2187 974 2257 paratur,

189 2261 294 2334 Quanti
316 2277 391 2320 nunc
413 2260 551 2321 tenebras
572 2279 657 2320 uuum
680 2261 818 2322 conducis
837 2263 865 2320 io
886 2279 998 2321 anuum.
1127 2272 1178 2322 225

187 2343 326 2417 Hortalus
348 2343 395 2403 hic
414 2353 578 2422 puteusque
599 2344 699 2402 brevis
717 2362 773 2405 nec
793 2353 873 2403 reste
892 2344 1051 2405 movendus

188 2427 220 2488 Iu
242 2437 346 2486 tenues
361 2426 475 2504 plautas
496 2426 575 2486 lacili
599 2425 764 2486 diffunditur
785 2426 897 2487 haustu

188 2511 264 2570 Vive
286 2509 412 2570 bidentis
432 2527 530 2570 amans
552 2517 581 2568 et
600 2509 668 2568 culti
701 2510 804 2569 vilicus
824 2510 911 2587 horti,

189 2594 274 2654 Unde
297 2593 413 2672 epulum
435 2593 533 2671 possis
555 2600 669 2652 centum
688 2593 758 2654 dare
781 2593 982 2673 Pythagoreis.

189 2679 242 2737 Est
264 2677 387 2755 aliquid,
409 2693 591 2755 quocumque
616 2676 702 2753 loco,
726 2695 908 2758 quocumque
930 2696 1063 2754 recessu,
1127 2685 1177 2739 230

189 2761 279 2821 Unius
303 2779 371 2820 sese
395 2759 537 2820 dominum
558 2760 668 2821 iecisse
691 2761 831 2822 lacertae.

231 2833 379 2904 Plurimus
394 2843 443 2903 hic
465 2861 557 2922 aeger
577 2847 697 2904 moritur
716 2846 880 2922 vigilando;
902 2845 986 2905 sed'
978 2863 1071 2923 ipsum

189 2929 372 3006 Languorem
392 2929 508 3011 peperit
530 2928 611 2988 cibus
631 2929 819 3007 imperfectus
843 2939 873 2988 et
890 2929 1015 2989 haerens

189 3012 312 3071 Ardenti
332 3011 497 3082 stomacho;
518 3030 583 3072 nam
603 3031 678 3092 quae
699 3014 847 3073 meritoria
867 3029 996 3072 somnum
1117 3017 1119 3022 ’

188 3091 368 3155 Admittunt?
389 3098 499 3172 magnis
519 3095 622 3175 opibus
645 3096 782 3156 dormitur
804 3099 832 3156 in
852 3097 933 3156 urbc.
1125 3103 1174 3156 235

189 3178 260 3238 lude
284 3186 369 3256 caput
388 3179 482 3239 morbi
489 3201 497 3250 ;
511 3181 651 3240 redarum
673 3182 808 3241 transitus
831 3189 895 3241 arto

188 3262 327 3321 Vicorum
346 3263 452 3323 inflexu
475 3273 505 3323 et
526 3265 626 3323 stantis
647 3265 778 3324 convicia
800 3263 936 3324 mandrae

189 3344 323 3422 Eripient
343 3346 588 3407 somnumllruso
610 3347 766 3427 vitulisque
787 3349 912 3409 marinis.

190 3429 221 3487 Si
243 3438 331 3490 vocat
353 3431 497 3505 cilicium,
518 3430 601 3490 turba
623 3431 747 3491 cedente
770 3431 893 3492 vehetur
935 3463 938 3468 ·

190 3511 282 3573 Dives·
301 3522 331 3572 et
351 3516 461 3592 ingenti
484 3522 581 3574 curret
600 3533 688 3592 super
711 3532 762 3575 ora
780 3515 917 3609 hiburno,
1095 3573 1099 3580 .
1126 3523 1173 3604 Μ
1201 3559 1202 3605 p
