2438 3994
392 285 516 333 annuus
538 289 573 334 x.
966 284 1005 342 73

14 427 179 493 llatronae;
200 440 269 483 mox
290 441 377 502 quum
400 425 514 485 dederit
536 426 660 487 Servilia
683 446 823 490 nummos.

14 513 75 574 Fiet
97 519 128 569 et
150 508 248 583 illius,
274 525 357 585 quam
381 525 437 568 non
459 518 549 584 amat,
574 520 662 570 exuet
687 499 820 573 omnem'
951 527 1005 580 eso

16 594 155 672 Corporis
182 600 327 660 ornatum;
352 591 419 670 quid
442 594 517 651 enim
538 593 598 653 ulla
620 599 772 673 negaverit
794 599 857 658 udls

15 672 209 756 Inguinibus?
232 676 293 734 sive
317 685 363 734 est
386 676 460 737 haee
483 675 592 755 Oppia,
615 681 678 738 sive
698 677 810 740 Catulla

13 763 170 836 Deterior,
197 767 276 819 totos
298 759 387 818 babet
408 759 468 819 illic
491 760 595 820 lemine
616 780 770 822 mores.-

14 847 72 908 Sed
93 853 178 905 casto
207 843 274 921 quid
298 843 390 902 lorma
412 841 520 903 nocet?
537 879 579 894 -
599 845 674 918 Quid
697 845 806 925 profuit
828 847 912 906 immo

6 929 174 1009 ,llippolyto
198 945 288 1004 grave
313 928 508 1005 propositum,
535 929 603 1007 quid
624 928 867 1010 Bellerophonti?
953 943 1002 996 aa!

7 1014 134 1092 Erubuit
158 1028 265 1088 nempe
287 1010 362 1070 baec
384 1028 438 1070 eeu
461 1011 605 1088 fastidita,
632 1014 750 1091 repulsa

16 1093 74 1158 Nec
95 1094 288 1156 Stheneboea
311 1095 402 1154 minus
427 1111 511 1172 quarn
537 1093 645 1156 Cressa
670 1099 840 1176 excanduit,
865 1109 894 1160 et
919 1119 952 1160 se

6 1181 203 1241 sslloncussere
227 1177 339 1238 ambae.
373 1176 478 1238 Mulier
503 1181 672 1240 saevissima
697 1191 765 1242 tuno
787 1193 843 1260 est,

17 1265 107 1338 Quum
132 1261 266 1324 stimulos
288 1262 356 1321 odio
377 1262 471 1340 pudor
495 1262 637 1322 admovet.
672 1264 776 1342 Elige,
801 1268 933 1346 quidnam

16 1348 200 1410 Suadeudum
225 1364 293 1405 esse
319 1355 421 1424 putes,
449 1347 495 1405 eui
516 1346 626 1406 nubere
651 1345 787 1408 Caesaris
808 1368 881 1410 uxor
953 1361 1006 1415 33⁰

15 1433 158 1494 Destinat.
195 1428 326 1508 Optimus
351 1429 400 1489 lrie
423 1438 452 1489 et
473 1429 700 1490 formosissimus
722 1433 798 1492 idem

9 1518 113 1578 dentis
140 1515 283 1594 patriciae
305 1511 426 1592 rapitur
441 1514 530 1573 miser
555 1515 784 1592 exstinguendus

16 1598 191 1662 llessalinae
219 1597 326 1665 oculis;
347 1597 452 1657 dudum
479 1598 564 1657 sedet
588 1598 639 1658 illa
661 1608 762 1676 parato

16 1682 194 1745 Flammeolo
218 1680 379 1760 Tyriusque
402 1681 496 1759 palam
516 1681 640 1758 genialis
663 1683 691 1740 in
712 1684 803 1744 hortis

18 1769 176 1841 Sternitur,
199 1774 229 1825 et
251 1766 306 1824 ritu
328 1765 430 1825 decies
457 1773 579 1825 centena
604 1765 746 1826 dabuntur
952 1779 1004 1832 335

18 1853 161 1930 dntiquo.
184 1851 283 1909 veniet
306 1866 369 1908 oum
391 1848 586 1927 signatoribus
608 1867 731 1928 auspex.

17 1935 92 1996 llaec
113 1945 145 1993 tu
170 1941 285 1993 secreta
307 1941 336 1992 et
358 1934 458 2010 paucis
483 1934 634 1992 commissa
657 1933 801 2011 putabas?

18 2019 75 2080 llon
101 2019 158 2078 nisi
181 2016 312 2094 legitime
337 2016 399 2075 vult
420 2015 540 2076 nubere.
577 2015 652 2088 Quid
675 2017 806 2094 placeat,
833 2017 894 2084 dio:

9 2103 48 2189 dli
67 2118 179 2182 parere
201 2101 293 2176 velis,
317 2100 495 2179 pereundum
517 2101 572 2159 erit
596 2108 661 2159 ante
682 2100 833 2167 luceruas;

10 2189 46 2246 ²Si
68 2186 170 2247 scelus
196 2184 343 2260 admittas,
367 2184 479 2244 dabitur
502 2200 582 2243 mora
604 2183 741 2261 parvula,
767 2183 833 2243 dum
856 2201 903 2244 res
955 2195 1008 2247 340

10 2271 89 2331 ¹liuta
114 2269 181 2328 urbi
206 2277 235 2328 et
258 2268 368 2346 populo
393 2269 540 2344 contingat
560 2267 699 2345 principis
723 2285 831 2327 aurem.

10 2349 155 2414 'Dedecus
176 2351 228 2412 ille
253 2352 355 2412 domus
377 2353 451 2411 sciet
468 2350 600 2420 ultimus;
624 2353 736 2411 interea
759 2360 789 2410 tu

25 2435 193 2515 Obsequere
218 2433 357 2514 impe'rio,
380 2436 404 2494 si
427 2437 497 2494 tanti
520 2435 579 2495 vita
601 2435 714 2495 dierum

25 2521 191 2581 Paucorum:
227 2520 363 2599 quidquid
381 2519 475 2579 levius
497 2519 660 2597 meliusque
683 2520 805 2597 putaris,

24 2604 190 2664 Praebenda
213 2613 259 2663 est
275 2603 374 2680 gladio
397 2603 518 2681 pulchra
539 2602 614 2661 baec
635 2611 665 2661 et
685 2601 806 2662 eandida
830 2604 939 2662 cervix.
956 2611 1007 2666 345

58 2687 104 2747 llil
130 2705 204 2765 ergo
227 2687 369 2766 optabunt
389 2684 544 2746 homines?
565 2717 608 2732 -
625 2684 657 2744 Si
681 2685 831 2744 consilium
852 2686 910 2759 uis,

25 2771 169 2831 Permittes
193 2773 265 2851 ipsis
292 2770 461 2848 expendere
485 2767 660 2843 numinibus,
686 2767 754 2846 quid

27 2853 182 2915 Conveniat
206 2855 291 2915 nobis
317 2853 465 2931 rebusque
488 2856 525 2912 sit
547 2852 618 2912 utile
641 2852 759 2911 nostris.

26 2937 87 2998 llam
110 2955 166 3018 pro
190 2939 321 2999 iucundis
344 2940 490 3017 aptissima
514 2954 648 3014 quaeque
669 2935 776 2996 dabunt
801 2933 839 2993 di.

28 3020 122 3082 carior
145 3031 191 3081 est
212 3023 270 3082 illis
293 3022 396 3097 homo,
423 3038 507 3100 quarn
531 3020 596 3079 sibi.
630 3017 692 3078 Nos
715 3019 872 3078 animorum
957 3024 1011 3079 350

11 3103 147 3184 ulnpulsn
172 3116 203 3165 et
225 3123 315 3166 caeca
335 3122 496 3182 magnaque
521 3103 655 3181 cupidine
681 3101 758 3161 ductl

30 3186 191 3267 Coniugium
213 3191 338 3269 petimus
361 3198 531 3267 partumque
553 3188 669 3254 uxoris;
693 3193 722 3244 at
745 3184 803 3244 illis

30 3269 139 3349 dutum,
169 3274 218 3351 qui
243 3275 326 3352 pueri
352 3271 503 3351 qualisque
525 3270 620 3330 lutura
644 3271 680 3329 sit
701 3285 785 3328 uxor.

12 3353 61 3425 ;Ut
80 3367 176 3417 tamen
196 3365 225 3416 et
250 3374 358 3435 poscas
381 3354 489 3433 aliquid
515 3371 686 3431 voveasque
710 3351 827 3413 sacellis

12 3435 93 3503 ssurn
116 3450 146 3500 et
172 3440 317 3501 candiduli
340 3441 435 3501 divina
457 3438 602 3498 tomacula
625 3439 719 3516 porci,
958 3442 1011 3495 355

13 3506 163 3585 ¹Orandum
187 3533 248 3603 est,
271 3533 301 3584 ut
324 3525 361 3583 sit
382 3541 463 3583 mens
486 3539 556 3581 sana
577 3522 606 3580 in
627 3537 753 3600 corpore
777 3535 857 3579 sano.
