2444 3984
284 653 709 796 anonumum
761 715 762 720 ψ
820 763 822 766 ·
895 629 898 635 ’

409 873 587 950 inomaus
680 947 683 952 ,

156 1017 839 1145 de'lltdlttlltt

321 1197 324 1204 ’
368 1226 627 1296 insanimus
658 1326 660 1330 ,
753 1215 758 1223 ’

345 1527 581 1592 SATIRA
619 1527 647 1591 I.

1 1630 134 1736 Semper
154 1673 211 1734 ego
231 1657 343 1717 auditor
364 1655 490 1718 tantum?
513 1674 702 1735 numquamne
725 1673 882 1735 reponam,

1 1747 133 1805 Venatus
155 1743 241 1803 toties
262 1738 512 1804 rauci'l'heseide
536 1739 645 1803 Cordi?

2 1829 120 1906 lmpuno
143 1844 215 1904 ergo
235 1826 302 1886 mihi
323 1828 490 1888 recitaverit
510 1827 561 1887 ille
583 1836 714 1905 togatas,
809 1865 812 1872 ι

4 1913 55 1972 llic
77 1907 202 1988 elegos?
223 1912 337 1988 impune
360 1911 436 1970 diem
459 1912 670 1990 consumpserit
692 1912 795 1986 ingens

6 1994 152 2073 Telephus
171 2003 218 2054 aut
241 1996 342 2053 summi
361 1995 449 2073 plena
468 1997 522 2054 lain
544 1996 672 2072 margine
689 1993 765 2064 libri

6 2081 135 2156 Scriptus
159 2078 237 2138 etin
259 2087 344 2155 tergo
362 2097 418 2138 nec
439 2079 504 2138 dum
526 2079 621 2138 linitus
644 2073 786 2137 Orestes?

5 2161 78 2222 Nota
100 2162 191 2239 magis
212 2161 284 2221 nulli
305 2161 405 2222 domus
426 2172 471 2223 est
491 2181 557 2238 sua,
581 2179 665 2239 quam
687 2160 754 2220 milri
776 2159 859 2220 lucus

6 2245 102 2306 Martis
123 2255 152 2305 et
174 2245 288 2305 Aeoliis
309 2247 432 2307 vicinum
452 2248 572 2326 rupibus
591 2254 700 2305 antrum

7 2329 134 2388 Vulcani.
165 2328 239 2402 Quid
262 2339 348 2406 agant
368 2333 465 2406 venti,
488 2349 559 2409 quas
580 2337 713 2407 torqueat
732 2326 848 2397 umbras

8 2413 135 2488 Aeacus,
153 2413 234 2473 unde
256 2413 330 2474 alius
349 2414 476 2474 furtivae·
493 2409 628 2474 devehat'
640 2431 738 2472 aurum
954 2421 987 2472 10

8 2495 178 2572 Polliculae‚
202 2505 323 2576 qpantas
344 2498 485 2558 iaculetur
507 2496 666 2572 Monychus
689 2513 793 2570 ornos,

8 2577 156 2639 Frontonis
176 2580 282 2658 platani
305 2583 504 2660 convulsaque
526 2597 667 2640 marmora
691 2579 815 2639 clamant

10 2665 126 2740 Semper
146 2671 175 2722 ct
197 2665 313 2740 assiduo
333 2674 436 2743 ruptae
459 2665 571 2724 lectore
593 2663 759 2722 columnae:

9 2745 168 2823 Exspectes
192 2749 294 2808 eadem
314 2766 330 2808 a
352 2753 461 2808 summo
483 2749 656 2823 minimoque
680 2754 777 2823 poeta.

9 2827 43 2887 llt
63 2847 113 2889 uos
131 2847 203 2907 ergo
223 2849 335 2892 manum
356 2832 467 2912 ferulae
491 2831 692 2903 subduximus,
716 2837 744 2888 et
763 2843 817 2886 nos

11 2909 160 2973 Consilium
182 2914 313 2975 dedimus
337 2915 453 2990 Sullae,
476 2917 604 2992 privatus
627 2922 657 2972 ut
679 2911 766 2971 altum

10 2994 161 3064 Dormirct;
184 2998 269 3058 stulta
288 3008 333 3059 est
355 3000 523 3075 clementia,
544 3015 629 3076 quum
648 3006 690 3056 tot
710 2995 817 3072 ubique

10 3078 123 3139 Vatibus
144 3098 300 3159 occurras,
323 3085 471 3161 periturae
491 3100 614 3160 parcere
637 3080 765 3140 chartae.

12 3160 65 3222 Cur
84 3173 181 3242 tamen¹
196 3165 253 3226 hoc
275 3168 371 3244 potius
395 3167 484 3227 libeat
505 3167 662 3226 decurrere
685 3179 803 3240 campo3

11 3244 61 3304 Per
82 3263 164 3323 quem
184 3267 304 3326 magnus
327 3269 420 3329 equos
440 3250 593 3310 Auruncae
615 3248 696 3308 ilcirit
718 3247 894 3320 alumnus,¹
952 3254 985 3306 2⁰
1034 3315 1037 3320 ¹
1141 3257 1143 3264 “

12 3329 39 3389 Sl
57 3339 136 3390 vacat
157 3349 191 3390 ac
213 3333 321 3410 placidi
344 3336 484 3394 rationem
506 3333 667 3407 admittitis,
691 3331 781 3394 edam.

66 3413 154 3488 Quum
175 3423 259 3476 tener
282 3435 402 3478 uxorem
423 3419 508 3479 ducat
530 3416 636 3495 spado,
656 3414 768 3476 lilaevia
790 3413 913 3474 Tuscum

13 3495 86 3580 ligat
107 3512 204 3576 aprum
228 3509 256 3560 et
275 3501 349 3562 nuda
373 3512 471 3562 teneat
491 3499 634 3561 venabula
656 3517 786 3644 mammap:

48 3598 100 3641 mv.
114 3601 172 3640 aar.
336 3623 339 3630 .
744 3591 748 3599 '
