2438 3994
426 285 552 333 suumn
571 288 620 336 1x.
981 282 1017 343 61

40 427 207 488 llunimenta
229 427 334 502 tubae,
359 424 421 483 duri
443 426 594 504 crassique
618 425 737 502 coloris,

39 510 72 570 llt
90 509 169 570 male
191 525 347 587 percussas
373 509 497 567 texturis
519 510 637 588 pectine
665 507 740 570 Galli
984 523 1019 579 30

39 593 219 672 Accipimus,
242 601 330 652 tenue
355 600 504 668 argentum
526 610 678 671 venaeque
701 593 858 653 secundae.

38 675 102 736 Fata
125 683 232 753 regunt
252 674 398 743 homines;
422 674 510 734 iatum
532 684 578 735 est
600 685 629 735 et
650 676 778 754 partibus
799 676 868 753 illis,

39 757 112 832 Quas
134 760 215 818 sinus
236 757 397 818 abscondit.
434 755 523 834 Nam,
545 760 570 817 si
591 758 643 819 tibi
665 761 760 820 sidera
782 770 910 836 cessant,
950 789 953 792 ·

37 839 79 900 Nn
99 841 193 901 iaciat
217 841 298 918 longi
319 858 453 902 mensura
479 842 625 919 incognita
646 845 739 917 nervi,

38 923 171 997 Quamuis
195 932 224 984 te
249 925 352 985 nudum
377 926 517 1002 spumanti
537 923 623 985 Virro
646 924 755 986 labello
981 937 1016 991 35

37 1007 143 1069 Viderit
171 1016 201 1068 et
223 1006 347 1070 blandae
369 1008 486 1067 assidue
510 1007 678 1087 densaeque
700 1008 828 1069 tabellae

37 1089 213 1159 sollicitorum
237 1083 325 1162 αὐτὸς
347 1081 406 1171 γὰρ
427 1088 578 1168 ἐφέλκεται
601 1086 696 1170 ἄνδρα
718 1093 859 1164 κίναιδος,

37 1173 115 1246 Quod
136 1183 235 1236 tamen
255 1173 376 1234 ulterius
398 1183 569 1250 monstrum,
594 1194 677 1253 quam
699 1176 795 1236 mollis
818 1174 942 1237 avarus?

12 1289 13 1304 r
36 1255 110 1316 llaec
132 1257 234 1334 tribui,
257 1257 363 1318 deinde
385 1257 435 1317 illa
458 1257 540 1334 dedi,
565 1276 634 1319 mcx
654 1259 737 1337 plura
759 1259 864 1320 tulisti:
877 1294 921 1308 —

37 1337 187 1419 (lomputat
209 1358 244 1402 ac
268 1349 363 1401 cenet.
396 1340 522 1401 Ponatur
543 1342 690 1417 calculus,
714 1342 808 1402 adsint
983 1354 1017 1407 40

37 1420 101 1482 Cum
124 1424 226 1484 tahula
247 1425 345 1502 pueri:
367 1441 485 1484 numera
507 1426 642 1485 sestertia
664 1427 791 1504 quinque

37 1505 172 1567 Omnibus
195 1508 224 1567 in
243 1507 351 1582 rebus,
377 1516 561 1567 numerentur
582 1507 688 1568 deinde
713 1507 842 1568 labores.

36 1589 75 1648 hu
95 1591 187 1651 facile
211 1600 242 1651 et
261 1608 383 1669 pronum
405 1599 451 1650 est
472 1608 562 1668 agere
585 1593 658 1651 intra
679 1593 795 1651 viscera
816 1609 921 1670 penem

36 1671 202 1752 legitimum
225 1683 312 1753 atque
337 1674 398 1735 illic
419 1673 575 1735 hesternae
597 1692 756 1735 occurrere
779 1673 911 1736 coenae?

37 1759 141 1817 Seruus
166 1758 222 1816 erit
242 1758 333 1817 minus
356 1756 407 1817 ille
430 1759 535 1833 miser,
563 1759 611 1836 qui
635 1757 743 1819 fuderit
761 1776 873 1836 agrurn,
980 1769 1014 1822 45

38 1838 123 1912 Quam
146 1841 302 1901 dominnm.
338 1840 398 1902 Sed
418 1849 448 1900 tn
472 1858 541 1901 sane
563 1849 695 1902 tenerum
719 1849 748 1901 et
769 1860 890 1920 puemm
912 1850 942 1901 te

38 1922 67 1982 ht
90 1923 245 2002 pulchrum
267 1933 296 1984 et
316 1925 431 2002 dignum
454 1925 558 2000 cyatho
583 1925 728 2003 coeloque
752 1925 888 2002 putabas;

37 2006 90 2066 llos
113 2006 215 2067 humili
237 2007 406 2084 asseculae,
428 2023 482 2067 vos
503 2006 690 2085 indulgebitis
711 2025 843 2086 umquam

39 2087 159 2167 (luituri,
185 2091 240 2151 iam
265 2109 321 2152 nec
340 2090 442 2151 morbo
468 2091 576 2151 donare
598 2087 712 2169 parati?

38 2171 75 2231 lln
96 2175 143 2234 cui
164 2182 196 2234 tu
217 2175 339 2235 uiridem
356 2174 527 2250 umbellam,
550 2174 596 2234 cni
619 2174 735 2234 succina
755 2174 850 2234 mittas
980 2185 1014 2237 50

40 2253 171 2334 Grandia,
198 2257 301 2317 natalis
323 2259 438 2337 quoties
460 2259 535 2319 redit
557 2266 605 2318 aut
624 2257 766 2318 madidum
787 2275 841 2317 ver

39 2337 133 2418 Incipit
155 2348 187 2400 et
210 2348 299 2401 strata
321 2342 433 2419 positure
454 2341 602 2421 longaque
626 2341 763 2401 cathedra

11 2439 12 2444 ¹
40 2419 151 2483 llnnera
172 2422 306 2484 femineis
327 2433 432 2484 tractat
455 2434 570 2485 secreta
593 2424 741 2485 kalendis!

39 2503 99 2582 llic,
124 2524 246 2586 passer,
271 2506 317 2567 cui
336 2515 380 2567 tot
401 2517 531 2585 montes,
556 2516 600 2568 tot
621 2509 739 2586 praedia
762 2525 863 2568 servas

11 2585 12 2592 ’
41 2587 163 2666 Appula,
186 2598 231 2650 tot
252 2590 355 2651 milvos
377 2591 450 2651 intra
474 2600 523 2652 tna
545 2609 653 2669 pascua
675 2588 792 2650 lassos?
982 2599 1016 2652 55

40 2669 75 2730 le
100 2671 259 2734 l'riiulinus
282 2691 353 2752 ager
375 2674 505 2735 fecundis
526 2674 632 2734 vitibus
656 2673 768 2752 implet,

40 2755 266 2836 Suspectumque
287 2759 383 2835 iugum
407 2756 505 2818 Gumis
527 2767 556 2818 et
576 2757 685 2819 Gaurus
708 2757 799 2816 inanis
823 2789 865 2803 --

40 2836 103 2898 Nam
124 2841 189 2918 quis
212 2839 296 2918 plura
318 2841 380 2901 linit
400 2843 514 2902 victuro
536 2841 614 2901 dolia
636 2835 752 2899 nnustcl
772 2872 815 2884 —-

42 2920 176 2993 Quantum
200 2933 263 2984 erat
285 2925 417 2985 exhausti
439 2924 553 2984 lumbos
575 2923 683 2984 donare
706 2922 819 2981 clientis

42 3000 184 3081 Iugeribus
207 3007 324 3085 paucis!
348 3008 488 3068 meliusne
509 3008 556 3068 hic
577 3007 701 3066 rusticus
722 3004 815 3064 inians
981 3014 1016 3068 60

43 3083 104 3147 Gum
125 3099 218 3150 matre
241 3099 271 3150 et
293 3091 400 3151 casulis
420 3101 451 3152 et
472 3091 627 3151 conlusore
651 3088 757 3151 catello

44 3165 171 3244 Cymbala
196 3173 338 3252 pulsantis
360 3175 488 3252 legatum
510 3175 560 3235 liet
582 3170 686 3234 amici?

44 3249 185 3331 lnprcbns
213 3275 262 3335 es,
287 3276 373 3337 quum
398 3259 516 3338 poscis,
539 3260 587 3318 ait.
604 3287 647 3304 -·
665 3254 724 3314 Sed
746 3253 849 3332 pensio
871 3252 974 3315 clamat

45 3332 142 3409 l’usce;
166 3340 220 3400 sed
243 3341 375 3420 appellat
395 3360 470 3420 puer
491 3343 607 3418 unicus,
629 3350 659 3401 ut
679 3339 848 3417 Polyphemi

48 3414 104 3480 bata
124 3423 220 3501 acies,
244 3442 299 3502 per
320 3443 404 3504 qnam
424 3425 531 3486 sollers
553 3427 645 3485 evasit
665 3423 777 3487 Ulixes.
983 3431 1016 3485 65

47 3499 118 3564 hlter
142 3508 282 3568 emendus
307 3511 377 3586 erit,
400 3527 523 3589 namque
545 3510 593 3569 hic
615 3525 672 3568 nun
692 3507 814 3583 suihcit,
840 3506 923 3567 ambo
