2438 3994
215 289 256 351 96
528 300 562 345 o.
586 300 657 347 suu.
677 299 863 346 ruvuuscrs

214 440 297 501 Unde
322 437 447 513 babeas,
471 439 583 515 quaerit
604 453 706 506 nemo,
730 437 782 497 sed
806 447 922 516 oportet
945 437 1072 499 habere:

214 524 278 584 llcc
299 530 458 583 monstrant
480 520 598 581 vetulae
621 522 721 599 pueris
745 520 913 600 repentibus
936 539 1033 598 assae,

213 608 278 669 Hoc
301 607 414 667 discunt
438 622 538 664 onrnes
561 613 627 664 ante
651 603 738 683 alpha
762 613 791 664 et
812 603 879 664 beta
903 605 1030 683 puellae.
1044 638 1088 652 -

214 690 332 752 Talibus
355 691 505 749 instantem
527 689 641 747 monitis
667 705 877 766 quemcumque
901 699 1051 767 parentem
1148 705 1200 756 210

214 777 263 835 Sic
286 791 404 853 possem
427 773 524 832 alieri:
550 771 621 846 Dic,
645 789 662 830 o
686 773 858 848 vanissime,
885 773 1003 850 quis-te

213 859 365 920 Festinare
388 852 488 916 iubet?
512 855 662 914 meliorem
688 865 806 933 praesto
829 858 969 934 magistro

213 942 403 1020 lliscipulum.
444 940 571 999 Securus
599 938 660 1006 abi;
684 939 827 1014 vinceris,
854 948 885 998 ut
905 938 981 1000 Aiax

213 1026 364 1087 Praeteriit
390 1023 598 1098 Telamonem,
616 1032 647 1081 ut
668 1022 756 1084 Pelea
778 1024 848 1083 vicit
869 1023 1013 1084 Achilles.

213 1107 389 1170 Parcendum
413 1115 458 1166 est
480 1107 605 1166 teneris:
634 1105 757 1166 noudum
781 1106 941 1186 implevere
963 1109 1105 1171 medullas
1148 1122 1197 1174 215

212 1192 341 1252 blaturae
367 1191 442 1251 mala
468 1191 630 1269 nequitiac;
653 1199 697 1249 ast
721 1209 807 1270 quurn
829 1200 951 1269 pectere
973 1191 1091 1254 barbam

214 1275 354 1355 Coeperit
376 1284 404 1334 et
428 1275 508 1352 longi
529 1291 695 1333 mucronem
719 1275 870 1335 admittere
896 1276 989 1352 cultri,

212 1360 316 1420 Falsus
341 1361 397 1418 erit
417 1360 520 1433 testis,
545 1356 653 1418 vendet
674 1360 801 1436 periuria
824 1377 933 1419 surnnta

212 1444 326 1521 Exigua
349 1452 379 1503 et
401 1439 519 1503 cereris
543 1449 665 1519 tangens
689 1460 824 1520 aramque
851 1443 1025 1522 pedemque.
1216 1505 1217 1508 ,

212 1527 325 1587 Elatum
351 1529 405 1587 iam
433 1527 521 1587 crede
546 1545 664 1602 nurum,
689 1527 714 1584 si
737 1526 832 1586 limina
855 1536 952 1587 vestra
1146 1542 1197 1594 220

211 1610 363 1671 Mortifera
389 1629 452 1671 cunr
476 1610 545 1670 dote
567 1610 658 1671 subit:
682 1609 786 1689 quibus
812 1609 862 1670 illa
886 1621 1035 1689 premetur

212 1696 268 1755 Per
290 1711 418 1754 somnum
440 1692 550 1770 digitis!
574 1712 637 1754 uara
660 1711 735 1771 quae
756 1704 894 1773 terraque
916 1698 1046 1775 marique

211 1778 397 1856 Adquirenda
419 1787 519 1857 putas,
540 1777 660 1837 brevior
684 1777 729 1837 via
753 1777 887 1838 conieret
912 1779 963 1840 illi.

213 1861 315 1923 Nullus
342 1863 417 1921 eninr
441 1862 537 1938 magni
560 1860 683 1934 sceleris
708 1860 800 1921 labor.
834 1861 915 1923 llaec
940 1881 997 1942 ego
1021 1881 1170 1944 numquam

211 1944 361 2022 blandesi,
386 1946 468 2006 dices
496 1943 583 2021 olirn,¹
604 1963 661 2005 nec
685 1945 752 2006 talia
780 1947 873 2015 suasi;
1145 1961 1194 2013 225

211 2029 316 2090 Mentis
341 2047 427 2090 causa
450 2029 543 2089 malae
566 2038 662 2089 tamen
685 2037 732 2089 est
754 2038 783 2089 ct
805 2031 888 2108 origo
911 2049 1004 2109 penes
1024 2042 1065 2096 te.

210 2113 283 2174 Nam
306 2114 435 2192 quisquis
460 2114 554 2191 magni
577 2130 682 2174 census
706 2115 859 2193 praecepit
881 2131 1019 2193 amorem,

210 2198 247 2258 Et
273 2197 360 2257 laevo
385 2198 492 2257 monitu
517 2215 626 2276 pucros
652 2199 786 2276 producit
810 2215 925 2272 avaros,

212 2281 262 2360 [Et
284 2283 332 2358 qui
349 2299 404 2359 per
427 2281 544 2341 iraudes
567 2282 737 2360 patrimonia
761 2281 992 2362 conduplicare,l

209 2365 267 2424 Dat
289 2364 455 2425 libertatern
476 2374 505 2424 et
526 2372 602 2425 totas
625 2365 744 2424 emunit
766 2364 894 2425 habenas
1145 2381 1194 2434 230

210 2445 381 2515 curriculo:
408 2464 494 2525 quern
519 2449 543 2507 si
566 2465 709 2524 revoces,
739 2447 900 2510 subsistere
922 2452 1017 2511 nescit

209 2531 247 2590 Et
267 2541 298 2590 te
328 2539 494 2610 contempto
522 2532 632 2609 rapitur
654 2533 796 2610 metisque
820 2533 940 2593 relictis.

209 2613 302 2674 Nemo
329 2616 399 2676 satis
422 2615 515 2676 credit
537 2624 644 2675 tantum
666 2615 854 2695 delinquere,
878 2627 1013 2696 quantum

209 2698 377 2768 Permittas;
404 2699 479 2761 adeo
505 2698 654 2776 indulgent
678 2699 733 2760 sibi
758 2700 843 2760 latius
865 2702 931 2780 ipsi.

211 2781 303 2855 Quum
329 2783 402 2843 dicis
429 2784 526 2843 iuveni
552 2784 687 2860 stultum,
716 2785 763 2862 qui
786 2785 875 2844 donet
897 2787 1002 2862 amico,
1145 2797 1192 2851 ast

210 2866 266 2939 Qui
289 2876 489 2946 paupertatem
510 2867 591 2928 levet
612 2867 783 2946 attollatque
806 2871 972 2948 propinqui,

209 2949 245 3010 Et
269 2951 399 3029 spoliare
421 2952 513 3012 doces
535 2961 565 3010 et
590 2951 831 3012 circumscribere
859 2962 888 3013 et
912 2954 988 3013 omni

210 3032 334 3094 Crimine
359 3035 472 3095 divitias
497 3032 666 3114 adquirere,
691 3053 811 3114 quarum
835 3053 916 3097 amor
937 3040 965 3098 in
987 3046 1017 3097 tc

209 3116 338 3190 Quantus
368 3128 430 3178 erat
453 3119 564 3197 patriae
582 3119 740 3179 Deciomm
762 3121 790 3178 in
811 3130 950 3198 pectore,
974 3131 1110 3201 quantum

208 3201 318 3260 Dilexit
342 3200 476 3275 Thebas,
500 3203 524 3260 si
548 3200 670 3262 Graecia
690 3220 779 3278 vera,
804 3201 999 3274 Menoeceus:
1145 3217 1194 3270 atu

210 3283 240 3342 ln
270 3302 389 3362 quorum
415 3284 502 3344 sulcis
529 3284 664 3362 legiones
689 3285 822 3346 dentibus
843 3290 945 3366 anguis

210 3364 281 3426 Cum
304 3367 407 3446 clipeis
429 3376 585 3428 nascuntur
610 3379 639 3429 et
662 3368 778 3430 borrida
799 3370 877 3432 bella
904 3382 1062 3451 capessunt

207 3445 369 3527 Continuo,
394 3460 536 3530 tamquam
563 3461 592 3512 et
612 3453 729 3513 tubicen
749 3457 909 3515 surrexerit
932 3475 996 3516 uua.

209 3531 288 3611 Ergo
314 3535 428 3612 ignem,
454 3536 534 3595 cuius
559 3537 701 3597 scintillas
729 3537 795 3615 ipsc
815 3539 931 3618 dedisti,
