<?xml version="1.0" encoding="UTF-8"?>
<!DOCTYPE html PUBLIC "-//W3C//DTD XHTML 1.0 Transitional//EN"
    "http://www.w3.org/TR/xhtml1/DTD/xhtml1-transitional.dtd">
<html xmlns="http://www.w3.org/1999/xhtml" xml:lang="en" lang="en">
 <head>
  <title>
</title>
<meta http-equiv="Content-Type" content="text/html;charset=utf-8" />
  <meta name='ocr-system' content='tesseract 3.04.00' />
  <meta name='ocr-capabilities' content='ocr_page ocr_carea ocr_par ocr_line ocrx_word'/>
</head>
<body>
  <div class='ocr_page' id='page_1' title='image "./satirarumlibriq02juvegoog_0010.png"; bbox 0 0 2444 3984; ppageno 0'>
   <div class='ocr_carea' id='block_1_1' title="bbox 471 221 1061 275">
    <p class='ocr_par' dir='ltr' id='par_1_1' title="bbox 471 221 1061 275">
     <span class='ocr_line' id='line_1_1' title="bbox 471 221 1061 275; baseline 0.01 -6"><span class='ocrx_word' id='word_1_1' title='bbox 471 221 678 272; x_wconf 75' lang='lat' dir='ltr'><strong>PRAEFATIO.</strong></span> <span class='ocrx_word' id='word_1_2' title='bbox 1013 228 1061 275; x_wconf 89' lang='lat' dir='ltr'><strong>vll</strong></span> 
     </span>
    </p>
   </div>
   <div class='ocr_carea' id='block_1_2' title="bbox 76 367 1062 3621">
    <p class='ocr_par' dir='ltr' id='par_1_2' title="bbox 76 367 1062 508">
     <span class='ocr_line' id='line_1_2' title="bbox 76 367 1062 442; baseline 0.002 -18"><span class='ocrx_word' id='word_1_3' title='bbox 76 369 257 425; x_wconf 82' lang='lat' dir='ltr'><strong>llommscnius</strong></span> <span class='ocrx_word' id='word_1_4' title='bbox 273 369 348 424; x_wconf 92' lang='lat' dir='ltr'><strong>lusor.</strong></span> <span class='ocrx_word' id='word_1_5' title='bbox 360 367 391 422; x_wconf 82' lang='lat' dir='ltr'><strong>lt.</strong></span> <span class='ocrx_word' id='word_1_6' title='bbox 403 367 501 438; x_wconf 89' lang='lat' dir='ltr'><strong>Neapol.</strong></span> <span class='ocrx_word' id='word_1_7' title='bbox 520 385 543 422; x_wconf 90' lang='lat' dir='ltr'><strong>u.</strong></span> <span class='ocrx_word' id='word_1_8' title='bbox 555 370 624 424; x_wconf 75' lang='lat'>4312</span> <span class='ocrx_word' id='word_1_9' title='bbox 639 369 725 434; x_wconf 80' lang='lat' dir='ltr'>edidit,</span> <span class='ocrx_word' id='word_1_10' title='bbox 745 383 801 422; x_wconf 90' lang='lat' dir='ltr'><strong>cum</strong></span> <span class='ocrx_word' id='word_1_11' title='bbox 817 371 956 426; x_wconf 80' lang='lat' dir='ltr'><strong>necessariis</strong></span> <span class='ocrx_word' id='word_1_12' title='bbox 966 373 1062 442; x_wconf 89' lang='lat' dir='ltr'><strong>supple·</strong></span> 
     </span>
     <span class='ocr_line' id='line_1_3' title="bbox 78 453 405 508; baseline -0.006 0"><span class='ocrx_word' id='word_1_13' title='bbox 78 455 173 508; x_wconf 88' lang='lat' dir='ltr'><strong>mentis</strong></span> <span class='ocrx_word' id='word_1_14' title='bbox 182 454 243 508; x_wconf 87' lang='lat' dir='ltr'><strong>haec</strong></span> <span class='ocrx_word' id='word_1_15' title='bbox 253 453 325 508; x_wconf 82' lang='lat' dir='ltr'><strong>vcrb&#39;a</strong></span> <span class='ocrx_word' id='word_1_16' title='bbox 335 459 405 507; x_wconf 86' lang='lat' dir='ltr'><strong>sunt:</strong></span> 
     </span>
    </p>

    <p class='ocr_par' dir='ltr' id='par_1_3' title="bbox 449 534 688 593">
     <span class='ocr_line' id='line_1_4' title="bbox 449 534 688 593; baseline 0.008 -3"><span class='ocrx_word' id='word_1_17' title='bbox 449 535 543 590; x_wconf 86' lang='lat' dir='ltr'><strong>cereRl.</strong></span> <span class='ocrx_word' id='word_1_18' title='bbox 563 534 688 593; x_wconf 79' lang='lat' dir='ltr'><strong>sacltvol</strong></span> 
     </span>
    </p>

    <p class='ocr_par' dir='ltr' id='par_1_4' title="bbox 428 617 747 686">
     <span class='ocr_line' id='line_1_5' title="bbox 428 617 747 686; baseline 0.003 -12"><span class='ocrx_word' id='word_1_19' title='bbox 428 620 451 675; x_wconf 91' lang='lat' dir='ltr'><strong>d.</strong></span> <span class='ocrx_word' id='word_1_20' title='bbox 466 618 570 686; x_wconf 77' lang='lat' dir='ltr'><strong>tullivs.</strong></span> <span class='ocrx_word' id='word_1_21' title='bbox 587 617 747 675; x_wconf 80' lang='lat' dir='ltr'><strong>lVVEerLiS</strong></span> 
     </span>
    </p>

    <p class='ocr_par' dir='ltr' id='par_1_5' title="bbox 363 701 773 1024">
     <span class='ocr_line' id='line_1_6' title="bbox 363 701 773 759; baseline 0.002 -2"><span class='ocrx_word' id='word_1_22' title='bbox 363 703 431 758; x_wconf 85' lang='lat' dir='ltr'><strong>tlilb.</strong></span> <span class='ocrx_word' id='word_1_23' title='bbox 444 702 516 758; x_wconf 80' lang='lat' dir='ltr'><strong>coll.</strong></span> <span class='ocrx_word' id='word_1_24' title='bbox 528 720 545 759; x_wconf 90' lang='lat' dir='ltr'><strong>r.</strong></span> <span class='ocrx_word' id='word_1_25' title='bbox 561 701 773 758; x_wconf 72' lang='lat' dir='ltr'><strong>peculiarem</strong></span> 
     </span>
     <span class='ocr_line' id='line_1_7' title="bbox 394 785 747 851; baseline -0.003 -10"><span class='ocrx_word' id='word_1_26' title='bbox 394 787 423 842; x_wconf 91' lang='lat' dir='ltr'><strong>ll.</strong></span> <span class='ocrx_word' id='word_1_27' title='bbox 435 787 494 842; x_wconf 85' lang='lat' dir='ltr'>VIR.</span> <span class='ocrx_word' id='word_1_28' title='bbox 507 786 612 851; x_wconf 82' lang='lat' dir='ltr'><strong>QVINQ.</strong></span> <span class='ocrx_word' id='word_1_29' title='bbox 624 785 747 841; x_wconf 75' lang='lat' dir='ltr'><strong>mummi</strong></span> 
     </span>
     <span class='ocr_line' id='line_1_8' title="bbox 438 869 701 927; baseline 0 -3"><span class='ocrx_word' id='word_1_30' title='bbox 438 871 508 927; x_wconf 85' lang='lat' dir='ltr'><strong>lthl.</strong></span> <span class='ocrx_word' id='word_1_31' title='bbox 521 869 701 925; x_wconf 81' lang='lat' dir='ltr'><strong>VESPlSlle</strong></span> 
     </span>
     <span class='ocr_line' id='line_1_9' title="bbox 405 953 723 1024; baseline 0.003 -18"><span class='ocrx_word' id='word_1_32' title='bbox 405 953 498 1009; x_wconf 87' lang='lat' dir='ltr'>VOVIT</span> <span class='ocrx_word' id='word_1_33' title='bbox 513 953 723 1024; x_wconf 76' lang='lat' dir='ltr'><strong>nunlddvitqvu</strong></span> 
     </span>
    </p>

    <p class='ocr_par' dir='ltr' id='par_1_6' title="bbox 76 1035 1060 3621">
     <span class='ocr_line' id='line_1_10' title="bbox 429 1035 708 1092; baseline 0 -1"><span class='ocrx_word' id='word_1_34' title='bbox 429 1035 488 1091; x_wconf 81' lang='lat' dir='ltr'><strong>SVA</strong></span> <span class='ocrx_word' id='word_1_35' title='bbox 649 1036 708 1092; x_wconf 83' lang='lat' dir='ltr'><strong>PEC</strong></span> 
     </span>
     <span class='ocr_line' id='line_1_11' title="bbox 76 1119 1060 1192; baseline 0 -16"><span class='ocrx_word' id='word_1_36' title='bbox 76 1121 121 1176; x_wconf 88' lang='lat' dir='ltr'><strong>ubi</strong></span> <span class='ocrx_word' id='word_1_37' title='bbox 133 1126 201 1175; x_wconf 86' lang='lat' dir='ltr'><strong>recte</strong></span> <span class='ocrx_word' id='word_1_38' title='bbox 211 1119 302 1174; x_wconf 90' lang='lat' dir='ltr'><strong>dudum</strong></span> <span class='ocrx_word' id='word_1_39' title='bbox 313 1119 395 1191; x_wconf 91' lang='lat' dir='ltr'><strong>agnita</strong></span> <span class='ocrx_word' id='word_1_40' title='bbox 406 1127 443 1176; x_wconf 87' lang='lat' dir='ltr'><strong>ost</strong></span> <span class='ocrx_word' id='word_1_41' title='bbox 454 1120 637 1187; x_wconf 77' lang='lat' dir='ltr'><strong>dominationes,</strong></span> <span class='ocrx_word' id='word_1_42' title='bbox 649 1135 721 1192; x_wconf 88' lang='lat' dir='ltr'><strong>quam</strong></span> <span class='ocrx_word' id='word_1_43' title='bbox 731 1122 761 1176; x_wconf 90' lang='lat' dir='ltr'><strong>ab</strong></span> <span class='ocrx_word' id='word_1_44' title='bbox 768 1121 924 1192; x_wconf 81' lang='lat' dir='ltr'><strong>Aquinatibus</strong></span> <span class='ocrx_word' id='word_1_45' title='bbox 933 1122 1060 1191; x_wconf 90' lang='lat' dir='ltr'><strong>peculiari·</strong></span> 
     </span>
     <span class='ocr_line' id='line_1_12' title="bbox 77 1203 1058 1265; baseline -0.001 -6"><span class='ocrx_word' id='word_1_46' title='bbox 77 1211 117 1259; x_wconf 90' lang='lat' dir='ltr'><strong>ter</strong></span> <span class='ocrx_word' id='word_1_47' title='bbox 127 1204 219 1260; x_wconf 87' lang='lat' dir='ltr'><strong>cultam</strong></span> <span class='ocrx_word' id='word_1_48' title='bbox 234 1203 410 1260; x_wconf 74' lang='lat' dir='ltr'><strong>essedumnalis</strong></span> <span class='ocrx_word' id='word_1_49' title='bbox 421 1203 517 1259; x_wconf 80' lang='lat' dir='ltr'><strong>Sallll.</strong></span> <span class='ocrx_word' id='word_1_50' title='bbox 526 1208 579 1263; x_wconf 75' lang='lat'><strong>320</strong></span> <span class='ocrx_word' id='word_1_51' title='bbox 591 1210 703 1265; x_wconf 74' lang='lat' dir='ltr'><strong>testatur:</strong></span> <span class='ocrx_word' id='word_1_52' title='bbox 717 1204 839 1259; x_wconf 90' lang='lat' dir='ltr'><strong>hominem</strong></span> <span class='ocrx_word' id='word_1_53' title='bbox 850 1212 929 1261; x_wconf 82' lang='lat' dir='ltr'><strong>autem</strong></span> <span class='ocrx_word' id='word_1_54' title='bbox 944 1219 975 1258; x_wconf 86' lang='lat' dir='ltr'><strong>ne</strong></span> <span class='ocrx_word' id='word_1_55' title='bbox 986 1205 1058 1259; x_wconf 91' lang='lat' dir='ltr'><strong>alium</strong></span> 
     </span>
     <span class='ocr_line' id='line_1_13' title="bbox 78 1288 1058 1358; baseline 0 -16"><span class='ocrx_word' id='word_1_56' title='bbox 78 1303 108 1342; x_wconf 90' lang='lat' dir='ltr'><strong>ac</strong></span> <span class='ocrx_word' id='word_1_57' title='bbox 114 1295 213 1358; x_wconf 90' lang='lat' dir='ltr'><strong>poetam</strong></span> <span class='ocrx_word' id='word_1_58' title='bbox 224 1293 333 1342; x_wconf 70' lang='lat' dir='ltr'><strong>noumm</strong></span> <span class='ocrx_word' id='word_1_59' title='bbox 344 1301 397 1343; x_wconf 82' lang='lat' dir='ltr'><strong>esse</strong></span> <span class='ocrx_word' id='word_1_60' title='bbox 406 1303 553 1356; x_wconf 77' lang='lat' dir='ltr'>censeamus,</span> <span class='ocrx_word' id='word_1_61' title='bbox 561 1294 585 1342; x_wconf 88' lang='lat' dir='ltr'><strong>et</strong></span> <span class='ocrx_word' id='word_1_62' title='bbox 595 1289 729 1343; x_wconf 89' lang='lat' dir='ltr'><strong>nominiset</strong></span> <span class='ocrx_word' id='word_1_63' title='bbox 737 1290 853 1358; x_wconf 89' lang='lat' dir='ltr'><strong>temporis</strong></span> <span class='ocrx_word' id='word_1_64' title='bbox 860 1288 1023 1344; x_wconf 87' lang='lat' dir='ltr'><strong>convenientia</strong></span> <span class='ocrx_word' id='word_1_65' title='bbox 1034 1295 1058 1342; x_wconf 88' lang='lat' dir='ltr'><strong>et</strong></span> 
     </span>
     <span class='ocr_line' id='line_1_14' title="bbox 79 1371 1058 1444; baseline 0 -18"><span class='ocrx_word' id='word_1_66' title='bbox 79 1373 132 1442; x_wconf 91' lang='lat' dir='ltr'><strong>ipsa</strong></span> <span class='ocrx_word' id='word_1_67' title='bbox 143 1372 253 1426; x_wconf 88' lang='lat' dir='ltr'><strong>militaris</strong></span> <span class='ocrx_word' id='word_1_68' title='bbox 264 1372 370 1427; x_wconf 92' lang='lat' dir='ltr'><strong>muneris</strong></span> <span class='ocrx_word' id='word_1_69' title='bbox 381 1373 496 1428; x_wconf 91' lang='lat' dir='ltr'><strong>memoria</strong></span> <span class='ocrx_word' id='word_1_70' title='bbox 505 1371 604 1436; x_wconf 83' lang='lat' dir='ltr'><strong>suadet,</strong></span> <span class='ocrx_word' id='word_1_71' title='bbox 621 1387 692 1444; x_wconf 90' lang='lat' dir='ltr'><strong>quam</strong></span> <span class='ocrx_word' id='word_1_72' title='bbox 702 1388 749 1426; x_wconf 89' lang='lat' dir='ltr'><strong>non</strong></span> <span class='ocrx_word' id='word_1_73' title='bbox 762 1379 798 1427; x_wconf 86' lang='lat' dir='ltr'><strong>est</strong></span> <span class='ocrx_word' id='word_1_74' title='bbox 809 1389 852 1428; x_wconf 92' lang='lat' dir='ltr'><strong>cur</strong></span> <span class='ocrx_word' id='word_1_75' title='bbox 860 1373 928 1427; x_wconf 91' lang='lat' dir='ltr'><strong>illum</strong></span> <span class='ocrx_word' id='word_1_76' title='bbox 945 1373 1058 1427; x_wconf 81' lang='lat' dir='ltr'><strong>reducem</strong></span> 
     </span>
     <span class='ocr_line' id='line_1_15' title="bbox 78 1455 1058 1528; baseline -0.001 -19"><span class='ocrx_word' id='word_1_77' title='bbox 78 1456 143 1509; x_wconf 90' lang='lat' dir='ltr'><strong>inter</strong></span> <span class='ocrx_word' id='word_1_78' title='bbox 153 1455 238 1510; x_wconf 91' lang='lat' dir='ltr'><strong>titulos</strong></span> <span class='ocrx_word' id='word_1_79' title='bbox 247 1471 305 1510; x_wconf 92' lang='lat' dir='ltr'><strong>suos</strong></span> <span class='ocrx_word' id='word_1_80' title='bbox 316 1470 469 1510; x_wconf 78' lang='lat' dir='ltr'><strong>consecrasse</strong></span> <span class='ocrx_word' id='word_1_81' title='bbox 479 1470 611 1528; x_wconf 87' lang='lat' dir='ltr'><strong>negemus;</strong></span> <span class='ocrx_word' id='word_1_82' title='bbox 623 1456 687 1526; x_wconf 87' lang='lat' dir='ltr'><strong>quod</strong></span> <span class='ocrx_word' id='word_1_83' title='bbox 697 1456 718 1510; x_wconf 90' lang='lat' dir='ltr'><strong>si</strong></span> <span class='ocrx_word' id='word_1_84' title='bbox 727 1456 786 1510; x_wconf 94' lang='lat' dir='ltr'><strong>illud</strong></span> <span class='ocrx_word' id='word_1_85' title='bbox 797 1458 847 1510; x_wconf 92' lang='lat' dir='ltr'><strong>erui</strong></span> <span class='ocrx_word' id='word_1_86' title='bbox 855 1463 941 1526; x_wconf 81' lang='lat' dir='ltr'><strong>polest,</strong></span> <span class='ocrx_word' id='word_1_87' title='bbox 954 1455 1058 1510; x_wconf 72' lang='lat' dir='ltr'><strong>rdtiliel-</strong></span> 
     </span>
     <span class='ocr_line' id='line_1_16' title="bbox 80 1539 1057 1610; baseline 0 -18"><span class='ocrx_word' id='word_1_88' title='bbox 80 1545 199 1593; x_wconf 83' lang='lat' dir='ltr'><strong>matamur</strong></span> <span class='ocrx_word' id='word_1_89' title='bbox 210 1539 250 1593; x_wconf 93' lang='lat' dir='ltr'><strong>illa</strong></span> <span class='ocrx_word' id='word_1_90' title='bbox 258 1539 352 1605; x_wconf 86' lang='lat' dir='ltr'><strong>cohors,</strong></span> <span class='ocrx_word' id='word_1_91' title='bbox 363 1541 432 1595; x_wconf 92' lang='lat' dir='ltr'><strong>cuius</strong></span> <span class='ocrx_word' id='word_1_92' title='bbox 441 1539 589 1595; x_wconf 67' lang='lat' dir='ltr'><strong>adunatum</strong></span> <span class='ocrx_word' id='word_1_93' title='bbox 600 1539 704 1610; x_wconf 76' lang='lat' dir='ltr'><strong>gessisse</strong></span> <span class='ocrx_word' id='word_1_94' title='bbox 712 1539 808 1610; x_wconf 79' lang='lat' dir='ltr'><strong>legitur,</strong></span> <span class='ocrx_word' id='word_1_95' title='bbox 822 1539 938 1593; x_wconf 87' lang='lat' dir='ltr'><strong>luvenalis</strong></span> <span class='ocrx_word' id='word_1_96' title='bbox 951 1546 1057 1608; x_wconf 89' lang='lat' dir='ltr'><strong>tempore</strong></span> 
     </span>
     <span class='ocr_line' id='line_1_17' title="bbox 78 1622 1056 1687; baseline -0.001 -10"><span class='ocrx_word' id='word_1_97' title='bbox 78 1623 210 1677; x_wconf 87' lang='lat' dir='ltr'><strong>stationem</strong></span> <span class='ocrx_word' id='word_1_98' title='bbox 220 1622 343 1687; x_wconf 85' lang='lat' dir='ltr'><strong>hahuerit,</strong></span> <span class='ocrx_word' id='word_1_99' title='bbox 359 1624 397 1678; x_wconf 87' lang='lat' dir='ltr'><strong>vel</strong></span> <span class='ocrx_word' id='word_1_100' title='bbox 412 1624 510 1679; x_wconf 89' lang='lat' dir='ltr'><strong>mditiac</strong></span> <span class='ocrx_word' id='word_1_101' title='bbox 520 1624 558 1678; x_wconf 86' lang='lat' dir='ltr'><strong>rel</strong></span> <span class='ocrx_word' id='word_1_102' title='bbox 567 1622 631 1678; x_wconf 83' lang='lat' dir='ltr'><strong>exilii</strong></span> <span class='ocrx_word' id='word_1_103' title='bbox 641 1623 712 1678; x_wconf 83' lang='lat' dir='ltr'><strong>liuius</strong></span> <span class='ocrx_word' id='word_1_104' title='bbox 723 1623 792 1678; x_wconf 88' lang='lat' dir='ltr'><strong>locus</strong></span> <span class='ocrx_word' id='word_1_105' title='bbox 803 1629 870 1677; x_wconf 82' lang='lat' dir='ltr'><strong>extra</strong></span> <span class='ocrx_word' id='word_1_106' title='bbox 882 1637 978 1676; x_wconf 94' lang='lat' dir='ltr'><strong>omnem</strong></span> <span class='ocrx_word' id='word_1_107' title='bbox 989 1622 1056 1678; x_wconf 86' lang='lat' dir='ltr'><strong>dubi·</strong></span> 
     </span>
     <span class='ocr_line' id='line_1_18' title="bbox 78 1705 1058 1779; baseline -0.002 -18"><span class='ocrx_word' id='word_1_108' title='bbox 78 1706 197 1762; x_wconf 86' lang='lat' dir='ltr'><strong>tationem</strong></span> <span class='ocrx_word' id='word_1_109' title='bbox 213 1708 305 1776; x_wconf 88' lang='lat' dir='ltr'><strong>positus</strong></span> <span class='ocrx_word' id='word_1_110' title='bbox 321 1705 375 1762; x_wconf 88' lang='lat' dir='ltr'><strong>erit.</strong></span> <span class='ocrx_word' id='word_1_111' title='bbox 403 1709 474 1779; x_wconf 76' lang='lat' dir='ltr'><strong>Atqui</strong></span> <span class='ocrx_word' id='word_1_112' title='bbox 485 1707 647 1762; x_wconf 84' lang='lat' dir='ltr'><strong>lielmatarum</strong></span> <span class='ocrx_word' id='word_1_113' title='bbox 664 1707 787 1761; x_wconf 86' lang='lat' dir='ltr'><strong>cohortem</strong></span> <span class='ocrx_word' id='word_1_114' title='bbox 804 1707 905 1776; x_wconf 80' lang='lat' dir='ltr'><strong>primam</strong></span> <span class='ocrx_word' id='word_1_115' title='bbox 923 1706 1058 1761; x_wconf 88' lang='lat' dir='ltr'><strong>Britanniae</strong></span> 
     </span>
     <span class='ocr_line' id='line_1_19' title="bbox 78 1790 1057 1863; baseline -0.002 -19"><span class='ocrx_word' id='word_1_116' title='bbox 78 1791 190 1852; x_wconf 83' lang='lat' dir='ltr'><strong>tribuunt</strong></span> <span class='ocrx_word' id='word_1_117' title='bbox 201 1792 342 1860; x_wconf 87' lang='lat' dir='ltr'><strong>diplomata,</strong></span> <span class='ocrx_word' id='word_1_118' title='bbox 354 1807 416 1863; x_wconf 89' lang='lat' dir='ltr'><strong>quae</strong></span> <span class='ocrx_word' id='word_1_119' title='bbox 426 1792 497 1847; x_wconf 89' lang='lat' dir='ltr'><strong>docte</strong></span> <span class='ocrx_word' id='word_1_120' title='bbox 507 1792 609 1847; x_wconf 89' lang='lat' dir='ltr'><strong>dlustrat</strong></span> <span class='ocrx_word' id='word_1_121' title='bbox 620 1790 727 1846; x_wconf 86' lang='lat' dir='ltr'><strong>Heutzen</strong></span> <span class='ocrx_word' id='word_1_122' title='bbox 739 1791 763 1844; x_wconf 92' lang='lat' dir='ltr'><strong>in</strong></span> <span class='ocrx_word' id='word_1_123' title='bbox 773 1790 870 1846; x_wconf 86' lang='lat' dir='ltr'><strong>Jahrhh.</strong></span> <span class='ocrx_word' id='word_1_124' title='bbox 882 1791 899 1846; x_wconf 87' lang='lat' dir='ltr'><strong>s.</strong></span> <span class='ocrx_word' id='word_1_125' title='bbox 911 1790 1012 1845; x_wconf 82' lang='lat' dir='ltr'><strong>dltcrth.</strong></span> <span class='ocrx_word' id='word_1_126' title='bbox 1024 1790 1057 1843; x_wconf 92' lang='lat' dir='ltr'><strong>im</strong></span> 
     </span>
     <span class='ocr_line' id='line_1_20' title="bbox 79 1873 1057 1945; baseline -0.001 -17"><span class='ocrx_word' id='word_1_127' title='bbox 79 1873 176 1928; x_wconf 80' lang='lat' dir='ltr'><strong>illiciul.</strong></span> <span class='ocrx_word' id='word_1_128' title='bbox 190 1877 257 1932; x_wconf 77' lang='lat'>1848</span> <span class='ocrx_word' id='word_1_129' title='bbox 268 1875 296 1928; x_wconf 89' lang='lat' dir='ltr'><strong>T.</strong></span> <span class='ocrx_word' id='word_1_130' title='bbox 309 1874 378 1939; x_wconf 83' lang='lat' dir='ltr'><strong>Xlll.</strong></span> <span class='ocrx_word' id='word_1_131' title='bbox 395 1891 419 1945; x_wconf 91' lang='lat' dir='ltr'><strong>p.</strong></span> <span class='ocrx_word' id='word_1_132' title='bbox 430 1879 482 1940; x_wconf 83' lang='grc'><strong>87,</strong></span> <span class='ocrx_word' id='word_1_133' title='bbox 493 1875 610 1945; x_wconf 81' lang='lat' dir='ltr'><strong>imprimis</strong></span> <span class='ocrx_word' id='word_1_134' title='bbox 625 1875 758 1930; x_wconf 88' lang='lat' dir='ltr'><strong>secundum</strong></span> <span class='ocrx_word' id='word_1_135' title='bbox 769 1875 932 1938; x_wconf 76' lang='lat' dir='ltr'><strong>cardinalem,</strong></span> <span class='ocrx_word' id='word_1_136' title='bbox 953 1873 1057 1944; x_wconf 86' lang='lat' dir='ltr'><strong>Diplomi</strong></span> 
     </span>
     <span class='ocr_line' id='line_1_21' title="bbox 81 1957 1057 2030; baseline -0.002 -18"><span class='ocrx_word' id='word_1_137' title='bbox 81 1958 197 2028; x_wconf 90' lang='lat' dir='ltr'><strong>imperiali</strong></span> <span class='ocrx_word' id='word_1_138' title='bbox 214 1958 238 2012; x_wconf 93' lang='lat' dir='ltr'><strong>di</strong></span> <span class='ocrx_word' id='word_1_139' title='bbox 254 1959 365 2030; x_wconf 85' lang='lat' dir='ltr'><strong>privilegi</strong></span> <span class='ocrx_word' id='word_1_140' title='bbox 387 1959 507 2014; x_wconf 89' lang='lat' dir='ltr'><strong>accordati</strong></span> <span class='ocrx_word' id='word_1_141' title='bbox 529 1961 550 2014; x_wconf 93' lang='lat' dir='ltr'><strong>ai</strong></span> <span class='ocrx_word' id='word_1_142' title='bbox 569 1959 679 2026; x_wconf 87' lang='lat' dir='ltr'><strong>militari,</strong></span> <span class='ocrx_word' id='word_1_143' title='bbox 695 1957 777 2015; x_wconf 90' lang='lat' dir='ltr'><strong>Velitr.</strong></span> <span class='ocrx_word' id='word_1_144' title='bbox 796 1959 862 2014; x_wconf 82' lang='lat'>1835</span> <span class='ocrx_word' id='word_1_145' title='bbox 878 1965 895 2011; x_wconf 92' lang='lat' dir='ltr'><strong>t.</strong></span> <span class='ocrx_word' id='word_1_146' title='bbox 913 1957 972 2021; x_wconf 85' lang='lat' dir='ltr'><strong>xli,</strong></span> <span class='ocrx_word' id='word_1_147' title='bbox 995 1959 1057 2012; x_wconf 88' lang='lat' dir='ltr'><strong>uode</strong></span> 
     </span>
     <span class='ocr_line' id='line_1_22' title="bbox 79 2040 1056 2114; baseline -0.002 -19"><span class='ocrx_word' id='word_1_148' title='bbox 79 2056 134 2095; x_wconf 88' lang='lat' dir='ltr'><strong>eam</strong></span> <span class='ocrx_word' id='word_1_149' title='bbox 151 2056 172 2094; x_wconf 87' lang='lat' dir='ltr'><strong>a.</strong></span> <span class='ocrx_word' id='word_1_150' title='bbox 184 2045 235 2098; x_wconf 88' lang='grc'><strong>106</strong></span> <span class='ocrx_word' id='word_1_151' title='bbox 246 2056 270 2112; x_wconf 88' lang='lat' dir='ltr'><strong>p.</strong></span> <span class='ocrx_word' id='word_1_152' title='bbox 283 2040 339 2097; x_wconf 82' lang='lat' dir='ltr'><strong>Chr.</strong></span> <span class='ocrx_word' id='word_1_153' title='bbox 350 2042 400 2096; x_wconf 91' lang='lat' dir='ltr'><strong>illic</strong></span> <span class='ocrx_word' id='word_1_154' title='bbox 416 2043 546 2098; x_wconf 85' lang='lat' dir='ltr'><strong>tetendisse</strong></span> <span class='ocrx_word' id='word_1_155' title='bbox 561 2043 731 2114; x_wconf 86' lang='lat' dir='ltr'><strong>intelligimus;</strong></span> <span class='ocrx_word' id='word_1_156' title='bbox 750 2040 862 2112; x_wconf 86' lang='lat' dir='ltr'><strong>idemque</strong></span> <span class='ocrx_word' id='word_1_157' title='bbox 877 2042 937 2094; x_wconf 89' lang='lat' dir='ltr'><strong>scite</strong></span> <span class='ocrx_word' id='word_1_158' title='bbox 953 2040 1056 2094; x_wconf 88' lang='lat' dir='ltr'><strong>ostendit</strong></span> 
     </span>
     <span class='ocr_line' id='line_1_23' title="bbox 81 2124 1057 2196; baseline -0.001 -17"><span class='ocrx_word' id='word_1_159' title='bbox 81 2125 188 2180; x_wconf 89' lang='lat' dir='ltr'><strong>eiusdem</strong></span> <span class='ocrx_word' id='word_1_160' title='bbox 198 2127 335 2195; x_wconf 88' lang='lat' dir='ltr'><strong>promiscue</strong></span> <span class='ocrx_word' id='word_1_161' title='bbox 346 2133 371 2180; x_wconf 89' lang='lat' dir='ltr'><strong>et</strong></span> <span class='ocrx_word' id='word_1_162' title='bbox 380 2127 515 2196; x_wconf 88' lang='lat' dir='ltr'><strong>praelectus</strong></span> <span class='ocrx_word' id='word_1_163' title='bbox 530 2133 556 2180; x_wconf 90' lang='lat' dir='ltr'><strong>et</strong></span> <span class='ocrx_word' id='word_1_164' title='bbox 565 2126 674 2181; x_wconf 84' lang='lat' dir='ltr'><strong>tribunos</strong></span> <span class='ocrx_word' id='word_1_165' title='bbox 684 2138 811 2195; x_wconf 84' lang='lat' dir='ltr'><strong>apparere,</strong></span> <span class='ocrx_word' id='word_1_166' title='bbox 822 2124 885 2179; x_wconf 92' lang='lat' dir='ltr'><strong>unde</strong></span> <span class='ocrx_word' id='word_1_167' title='bbox 895 2139 926 2178; x_wconf 90' lang='lat' dir='ltr'><strong>oe</strong></span> <span class='ocrx_word' id='word_1_168' title='bbox 936 2124 995 2178; x_wconf 93' lang='lat' dir='ltr'><strong>illud</strong></span> <span class='ocrx_word' id='word_1_169' title='bbox 1005 2125 1057 2194; x_wconf 92' lang='lat' dir='ltr'><strong>qui·</strong></span> 
     </span>
     <span class='ocr_line' id='line_1_24' title="bbox 82 2207 1056 2282; baseline -0.002 -18"><span class='ocrx_word' id='word_1_170' title='bbox 82 2210 140 2264; x_wconf 87' lang='lat' dir='ltr'><strong>dem</strong></span> <span class='ocrx_word' id='word_1_171' title='bbox 150 2224 195 2263; x_wconf 90' lang='lat' dir='ltr'><strong>uos</strong></span> <span class='ocrx_word' id='word_1_172' title='bbox 207 2210 304 2264; x_wconf 86' lang='lat' dir='ltr'><strong>turbare</strong></span> <span class='ocrx_word' id='word_1_173' title='bbox 315 2211 417 2279; x_wconf 85' lang='lat' dir='ltr'><strong>poterit,</strong></span> <span class='ocrx_word' id='word_1_174' title='bbox 435 2210 499 2282; x_wconf 90' lang='lat' dir='ltr'><strong>quod</strong></span> <span class='ocrx_word' id='word_1_175' title='bbox 510 2209 681 2266; x_wconf 89' lang='lat' dir='ltr'><strong>llommsenius</strong></span> <span class='ocrx_word' id='word_1_176' title='bbox 697 2209 728 2264; x_wconf 89' lang='lat' dir='ltr'><strong>de</strong></span> <span class='ocrx_word' id='word_1_177' title='bbox 737 2208 871 2263; x_wconf 83' lang='lat' dir='ltr'><strong>tribunatus</strong></span> <span class='ocrx_word' id='word_1_178' title='bbox 882 2214 938 2262; x_wconf 92' lang='lat' dir='ltr'><strong>nota</strong></span> <span class='ocrx_word' id='word_1_179' title='bbox 949 2208 974 2261; x_wconf 93' lang='lat' dir='ltr'><strong>in</strong></span> <span class='ocrx_word' id='word_1_180' title='bbox 985 2207 1056 2262; x_wconf 90' lang='lat' dir='ltr'><strong>titulo</strong></span> 
     </span>
     <span class='ocr_line' id='line_1_25' title="bbox 81 2290 1057 2366; baseline -0.002 -18"><span class='ocrx_word' id='word_1_181' title='bbox 81 2293 232 2348; x_wconf 89' lang='lat' dir='ltr'><strong>luvenaliano</strong></span> <span class='ocrx_word' id='word_1_182' title='bbox 243 2292 361 2366; x_wconf 78' lang='lat' dir='ltr'><strong>ambigit:</strong></span> <span class='ocrx_word' id='word_1_183' title='bbox 380 2309 428 2349; x_wconf 93' lang='lat' dir='ltr'><strong>uuo</strong></span> <span class='ocrx_word' id='word_1_184' title='bbox 440 2295 515 2366; x_wconf 88' lang='lat' dir='ltr'><strong>igitur</strong></span> <span class='ocrx_word' id='word_1_185' title='bbox 527 2295 622 2365; x_wconf 70' lang='lat' dir='ltr'><strong>munuc</strong></span> <span class='ocrx_word' id='word_1_186' title='bbox 632 2292 738 2348; x_wconf 87' lang='lat' dir='ltr'><strong>cohortis</strong></span> <span class='ocrx_word' id='word_1_187' title='bbox 753 2306 853 2346; x_wconf 87' lang='lat' dir='ltr'><strong>numero</strong></span> <span class='ocrx_word' id='word_1_188' title='bbox 873 2298 927 2346; x_wconf 87' lang='lat' dir='ltr'><strong>ante</strong></span> <span class='ocrx_word' id='word_1_189' title='bbox 938 2290 1057 2346; x_wconf 68' lang='lat' dir='ltr'><strong>Deiecto·</strong></span> 
     </span>
     <span class='ocr_line' id='line_1_26' title="bbox 79 2376 1056 2449; baseline -0.002 -17"><span class='ocrx_word' id='word_1_190' title='bbox 79 2394 132 2432; x_wconf 78' lang='lat' dir='ltr'><strong>mm</strong></span> <span class='ocrx_word' id='word_1_191' title='bbox 141 2377 246 2443; x_wconf 83' lang='lat' dir='ltr'><strong>inserto,</strong></span> <span class='ocrx_word' id='word_1_192' title='bbox 259 2378 299 2448; x_wconf 91' lang='lat' dir='ltr'><strong>qui</strong></span> <span class='ocrx_word' id='word_1_193' title='bbox 311 2379 335 2431; x_wconf 91' lang='lat' dir='ltr'><strong>in</strong></span> <span class='ocrx_word' id='word_1_194' title='bbox 346 2376 460 2432; x_wconf 89' lang='lat' dir='ltr'><strong>Italorum</strong></span> <span class='ocrx_word' id='word_1_195' title='bbox 471 2378 616 2449; x_wconf 86' lang='lat' dir='ltr'><strong>apographis</strong></span> <span class='ocrx_word' id='word_1_196' title='bbox 626 2377 696 2432; x_wconf 83' lang='lat' dir='ltr'><strong>facile</strong></span> <span class='ocrx_word' id='word_1_197' title='bbox 705 2376 799 2448; x_wconf 88' lang='lat' dir='ltr'><strong>negligi</strong></span> <span class='ocrx_word' id='word_1_198' title='bbox 807 2382 914 2446; x_wconf 84' lang='lat' dir='ltr'><strong>poterat,</strong></span> <span class='ocrx_word' id='word_1_199' title='bbox 926 2377 974 2430; x_wconf 89' lang='lat' dir='ltr'><strong>iam</strong></span> <span class='ocrx_word' id='word_1_200' title='bbox 985 2376 1056 2430; x_wconf 88' lang='lat' dir='ltr'><strong>etiam</strong></span> 
     </span>
     <span class='ocr_line' id='line_1_27' title="bbox 79 2459 1057 2533; baseline -0.002 -19"><span class='ocrx_word' id='word_1_201' title='bbox 79 2461 284 2516; x_wconf 83' lang='lat' dir='ltr'><strong>monumentalem</strong></span> <span class='ocrx_word' id='word_1_202' title='bbox 301 2459 373 2516; x_wconf 88' lang='lat' dir='ltr'><strong>fidem</strong></span> <span class='ocrx_word' id='word_1_203' title='bbox 389 2461 454 2517; x_wconf 89' lang='lat' dir='ltr'><strong>nacti</strong></span> <span class='ocrx_word' id='word_1_204' title='bbox 478 2477 576 2530; x_wconf 83' lang='lat' dir='ltr'><strong>sumus,</strong></span> <span class='ocrx_word' id='word_1_205' title='bbox 596 2477 642 2533; x_wconf 91' lang='lat' dir='ltr'><strong>qua</strong></span> <span class='ocrx_word' id='word_1_206' title='bbox 652 2476 727 2532; x_wconf 85' lang='lat' dir='ltr'><strong>quum</strong></span> <span class='ocrx_word' id='word_1_207' title='bbox 743 2467 822 2515; x_wconf 87' lang='lat' dir='ltr'><strong>cetera</strong></span> <span class='ocrx_word' id='word_1_208' title='bbox 841 2461 984 2522; x_wconf 82' lang='lat' dir='ltr'><strong>testimonia,</strong></span> <span class='ocrx_word' id='word_1_209' title='bbox 997 2475 1057 2530; x_wconf 88' lang='lat' dir='ltr'><strong>quae</strong></span> 
     </span>
     <span class='ocr_line' id='line_1_28' title="bbox 80 2543 1057 2609; baseline -0.002 -10"><span class='ocrx_word' id='word_1_210' title='bbox 80 2544 202 2599; x_wconf 84' lang='lat' dir='ltr'><strong>Scotioam</strong></span> <span class='ocrx_word' id='word_1_211' title='bbox 215 2543 332 2599; x_wconf 90' lang='lat' dir='ltr'><strong>luvenalis</strong></span> <span class='ocrx_word' id='word_1_212' title='bbox 351 2544 461 2600; x_wconf 89' lang='lat' dir='ltr'><strong>militiam</strong></span> <span class='ocrx_word' id='word_1_213' title='bbox 477 2552 679 2609; x_wconf 87' lang='lat' dir='ltr'><strong>commemorant,</strong></span> <span class='ocrx_word' id='word_1_214' title='bbox 700 2551 752 2598; x_wconf 92' lang='lat' dir='ltr'><strong>tum</strong></span> <span class='ocrx_word' id='word_1_215' title='bbox 771 2544 881 2598; x_wconf 89' lang='lat' dir='ltr'><strong>scholion</strong></span> <span class='ocrx_word' id='word_1_216' title='bbox 900 2543 1057 2599; x_wconf 89' lang='lat' dir='ltr'><strong>Bodleianum</strong></span> 
     </span>
     <span class='ocr_line' id='line_1_29' title="bbox 82 2625 1055 2698; baseline 0 -17"><span class='ocrx_word' id='word_1_217' title='bbox 82 2628 111 2681; x_wconf 90' lang='lat' dir='ltr'><strong>ab</strong></span> <span class='ocrx_word' id='word_1_218' title='bbox 123 2625 206 2683; x_wconf 83' lang='lat' dir='ltr'><strong>Odolr.</strong></span> <span class='ocrx_word' id='word_1_219' title='bbox 218 2627 318 2683; x_wconf 86' lang='lat' dir='ltr'><strong>llldllero</strong></span> <span class='ocrx_word' id='word_1_220' title='bbox 329 2630 407 2698; x_wconf 89' lang='lat' dir='ltr'><strong>primo</strong></span> <span class='ocrx_word' id='word_1_221' title='bbox 426 2628 517 2684; x_wconf 88' lang='lat' dir='ltr'><strong>editum</strong></span> <span class='ocrx_word' id='word_1_222' title='bbox 528 2629 704 2684; x_wconf 83' lang='lat' dir='ltr'><strong>confirmemus.</strong></span> <span class='ocrx_word' id='word_1_223' title='bbox 733 2627 795 2682; x_wconf 88' lang='lat' dir='ltr'><strong>Nam</strong></span> <span class='ocrx_word' id='word_1_224' title='bbox 808 2633 835 2682; x_wconf 87' lang='lat' dir='ltr'><strong>ut</strong></span> <span class='ocrx_word' id='word_1_225' title='bbox 845 2626 894 2681; x_wconf 92' lang='lat' dir='ltr'><strong>hoc</strong></span> <span class='ocrx_word' id='word_1_226' title='bbox 904 2627 1001 2697; x_wconf 82' lang='lat' dir='ltr'><strong>reliquis</strong></span> <span class='ocrx_word' id='word_1_227' title='bbox 1012 2642 1055 2696; x_wconf 94' lang='lat' dir='ltr'><strong>po·</strong></span> 
     </span>
     <span class='ocr_line' id='line_1_30' title="bbox 83 2710 1057 2784; baseline 0 -20"><span class='ocrx_word' id='word_1_228' title='bbox 83 2711 130 2764; x_wconf 87' lang='lat' dir='ltr'><strong>tius</strong></span> <span class='ocrx_word' id='word_1_229' title='bbox 148 2711 292 2776; x_wconf 85' lang='lat' dir='ltr'><strong>habeamus,</strong></span> <span class='ocrx_word' id='word_1_230' title='bbox 309 2712 368 2768; x_wconf 92' lang='lat' dir='ltr'><strong>illud</strong></span> <span class='ocrx_word' id='word_1_231' title='bbox 379 2712 466 2777; x_wconf 84' lang='lat' dir='ltr'><strong>elficit,</strong></span> <span class='ocrx_word' id='word_1_232' title='bbox 487 2714 551 2784; x_wconf 86' lang='lat' dir='ltr'><strong>quod</strong></span> <span class='ocrx_word' id='word_1_233' title='bbox 568 2712 607 2768; x_wconf 87' lang='lat' dir='ltr'><strong>alii</strong></span> <span class='ocrx_word' id='word_1_234' title='bbox 622 2710 719 2765; x_wconf 88' lang='lat' dir='ltr'><strong>Scotiae</strong></span> <span class='ocrx_word' id='word_1_235' title='bbox 734 2716 809 2764; x_wconf 81' lang='lat' dir='ltr'><strong>testes</strong></span> <span class='ocrx_word' id='word_1_236' title='bbox 825 2717 939 2781; x_wconf 71' lang='lat' dir='ltr'><strong>tyranno,</strong></span> <span class='ocrx_word' id='word_1_237' title='bbox 952 2711 993 2782; x_wconf 88' lang='lat' dir='ltr'><strong>qui</strong></span> <span class='ocrx_word' id='word_1_238' title='bbox 1008 2710 1057 2765; x_wconf 92' lang='lat' dir='ltr'><strong>illic</strong></span> 
     </span>
     <span class='ocr_line' id='line_1_31' title="bbox 83 2783 1056 2864; baseline -0.001 -15"><span class='ocrx_word' id='word_1_239' title='bbox 83 2795 226 2864; x_wconf 80' lang='lat' dir='ltr'><strong>appellatur,</strong></span> <span class='ocrx_word' id='word_1_240' title='bbox 242 2793 372 2850; x_wconf 72' lang='lat' dir='ltr'><strong>Troiamne</strong></span> <span class='ocrx_word' id='word_1_241' title='bbox 382 2797 567 2860; x_wconf 86' lang='lat' dir='ltr'><strong>substituemnt‚</strong></span> <span class='ocrx_word' id='word_1_242' title='bbox 584 2795 698 2849; x_wconf 79' lang='lat' dir='ltr'><strong>nimirum</strong></span> <span class='ocrx_word' id='word_1_243' title='bbox 709 2795 763 2864; x_wconf 85' lang='lat' dir='ltr'><strong>qrria</strong></span> <span class='ocrx_word' id='word_1_244' title='bbox 776 2794 861 2847; x_wconf 90' lang='lat' dir='ltr'><strong>satirae</strong></span> <span class='ocrx_word' id='word_1_245' title='bbox 872 2783 987 2864; x_wconf 83' lang='lat' dir='ltr'><strong>septim&#39;ae</strong></span> <span class='ocrx_word' id='word_1_246' title='bbox 995 2799 1056 2848; x_wconf 87' lang='lat' dir='ltr'><strong>tem-</strong></span> 
     </span>
     <span class='ocr_line' id='line_1_32' title="bbox 82 2876 1056 2948; baseline -0.001 -16"><span class='ocrx_word' id='word_1_247' title='bbox 82 2894 137 2948; x_wconf 78' lang='lat' dir='ltr'><strong>pus.</strong></span> <span class='ocrx_word' id='word_1_248' title='bbox 150 2879 190 2932; x_wconf 91' lang='lat' dir='ltr'><strong>cui</strong></span> <span class='ocrx_word' id='word_1_249' title='bbox 200 2894 266 2933; x_wconf 90' lang='lat' dir='ltr'><strong>nuuc</strong></span> <span class='ocrx_word' id='word_1_250' title='bbox 275 2879 365 2935; x_wconf 88' lang='lat' dir='ltr'><strong>Paridis</strong></span> <span class='ocrx_word' id='word_1_251' title='bbox 375 2881 452 2936; x_wconf 85' lang='lat' dir='ltr'><strong>irrisio</strong></span> <span class='ocrx_word' id='word_1_252' title='bbox 463 2881 550 2935; x_wconf 86' lang='lat' dir='ltr'><strong>inserta</strong></span> <span class='ocrx_word' id='word_1_253' title='bbox 562 2887 611 2946; x_wconf 87' lang='lat' dir='ltr'><strong>est,</strong></span> <span class='ocrx_word' id='word_1_254' title='bbox 626 2893 682 2933; x_wconf 90' lang='lat' dir='ltr'><strong>cum</strong></span> <span class='ocrx_word' id='word_1_255' title='bbox 692 2877 742 2946; x_wconf 92' lang='lat' dir='ltr'><strong>ipsa</strong></span> <span class='ocrx_word' id='word_1_256' title='bbox 754 2876 825 2931; x_wconf 88' lang='lat' dir='ltr'><strong>huius</strong></span> <span class='ocrx_word' id='word_1_257' title='bbox 836 2877 951 2930; x_wconf 89' lang='lat' dir='ltr'><strong>imisionis</strong></span> <span class='ocrx_word' id='word_1_258' title='bbox 962 2878 1056 2948; x_wconf 89' lang='lat' dir='ltr'><strong>origine</strong></span> 
     </span>
     <span class='ocr_line' id='line_1_33' title="bbox 82 2960 1056 3036; baseline -0.001 -20"><span class='ocrx_word' id='word_1_259' title='bbox 82 2961 254 3024; x_wconf 73' lang='lat' dir='ltr'><strong>monuerunt:</strong></span> <span class='ocrx_word' id='word_1_260' title='bbox 273 2964 337 3034; x_wconf 90' lang='lat' dir='ltr'><strong>quod</strong></span> <span class='ocrx_word' id='word_1_261' title='bbox 352 2979 383 3020; x_wconf 92' lang='lat' dir='ltr'><strong>ne</strong></span> <span class='ocrx_word' id='word_1_262' title='bbox 399 2965 452 3036; x_wconf 90' lang='lat' dir='ltr'><strong>quis</strong></span> <span class='ocrx_word' id='word_1_263' title='bbox 470 2972 551 3019; x_wconf 85' lang='lat' dir='ltr'><strong>vetere</strong></span> <span class='ocrx_word' id='word_1_264' title='bbox 562 2963 609 3018; x_wconf 90' lang='lat' dir='ltr'><strong>lide</strong></span> <span class='ocrx_word' id='word_1_265' title='bbox 622 2964 713 3017; x_wconf 86' lang='lat' dir='ltr'><strong>lactum</strong></span> <span class='ocrx_word' id='word_1_266' title='bbox 723 2961 854 3026; x_wconf 83' lang='lat' dir='ltr'><strong>existimet,</strong></span> <span class='ocrx_word' id='word_1_267' title='bbox 868 2960 946 3014; x_wconf 92' lang='lat' dir='ltr'><strong>eidem</strong></span> <span class='ocrx_word' id='word_1_268' title='bbox 956 2960 1056 3015; x_wconf 79' lang='lat' dir='ltr'><strong>Traiano</strong></span> 
     </span>
     <span class='ocr_line' id='line_1_34' title="bbox 82 3043 1057 3116; baseline -0.001 -17"><span class='ocrx_word' id='word_1_269' title='bbox 82 3045 189 3100; x_wconf 84' lang='lat' dir='ltr'><strong>Paridem</strong></span> <span class='ocrx_word' id='word_1_270' title='bbox 199 3043 373 3116; x_wconf 90' lang='lat' dir='ltr'><strong>pantomimum</strong></span> <span class='ocrx_word' id='word_1_271' title='bbox 385 3049 458 3103; x_wconf 89' lang='lat' dir='ltr'><strong>tribui</strong></span> <span class='ocrx_word' id='word_1_272' title='bbox 473 3049 594 3111; x_wconf 81' lang='lat' dir='ltr'><strong>advertat:</strong></span> <span class='ocrx_word' id='word_1_273' title='bbox 605 3048 679 3101; x_wconf 92' lang='lat' dir='ltr'><strong>immo</strong></span> <span class='ocrx_word' id='word_1_274' title='bbox 690 3060 720 3099; x_wconf 92' lang='lat' dir='ltr'><strong>ne</strong></span> <span class='ocrx_word' id='word_1_275' title='bbox 730 3044 821 3099; x_wconf 88' lang='lat' dir='ltr'><strong>bellum</strong></span> <span class='ocrx_word' id='word_1_276' title='bbox 832 3044 928 3115; x_wconf 88' lang='lat' dir='ltr'><strong>quidem</strong></span> <span class='ocrx_word' id='word_1_277' title='bbox 944 3043 989 3100; x_wconf 87' lang='lat' dir='ltr'><strong>sub</strong></span> <span class='ocrx_word' id='word_1_278' title='bbox 1000 3044 1057 3099; x_wconf 87' lang='lat' dir='ltr'><strong>Tra·</strong></span> 
     </span>
     <span class='ocr_line' id='line_1_35' title="bbox 83 3128 1057 3204; baseline -0.001 -21"><span class='ocrx_word' id='word_1_279' title='bbox 83 3131 133 3184; x_wconf 88' lang='lat' dir='ltr'><strong>iano</strong></span> <span class='ocrx_word' id='word_1_280' title='bbox 146 3131 171 3184; x_wconf 94' lang='lat' dir='ltr'><strong>in</strong></span> <span class='ocrx_word' id='word_1_281' title='bbox 182 3129 280 3184; x_wconf 87' lang='lat' dir='ltr'><strong>Scotiae</strong></span> <span class='ocrx_word' id='word_1_282' title='bbox 289 3131 377 3186; x_wconf 85' lang='lat' dir='ltr'><strong>linibus</strong></span> <span class='ocrx_word' id='word_1_283' title='bbox 388 3138 486 3204; x_wconf 83' lang='lat' dir='ltr'><strong>gestum</strong></span> <span class='ocrx_word' id='word_1_284' title='bbox 496 3133 619 3193; x_wconf 87' lang='lat' dir='ltr'><strong>novimus;</strong></span> <span class='ocrx_word' id='word_1_285' title='bbox 636 3129 731 3202; x_wconf 90' lang='lat' dir='ltr'><strong>quodsi</strong></span> <span class='ocrx_word' id='word_1_286' title='bbox 747 3133 861 3199; x_wconf 86' lang='lat' dir='ltr'><strong>tyrannus</strong></span> <span class='ocrx_word' id='word_1_287' title='bbox 871 3128 919 3192; x_wconf 82' lang='lat' dir='ltr'><strong>ille.</strong></span> <span class='ocrx_word' id='word_1_288' title='bbox 935 3145 1008 3200; x_wconf 89' lang='lat' dir='ltr'><strong>quum</strong></span> <span class='ocrx_word' id='word_1_289' title='bbox 1018 3128 1057 3183; x_wconf 91' lang='lat' dir='ltr'><strong>lu·</strong></span> 
     </span>
     <span class='ocr_line' id='line_1_36' title="bbox 83 3210 1058 3285; baseline 0.001 -19"><span class='ocrx_word' id='word_1_290' title='bbox 83 3214 187 3268; x_wconf 81' lang='lat' dir='ltr'><strong>venalem</strong></span> <span class='ocrx_word' id='word_1_291' title='bbox 193 3214 341 3285; x_wconf 71' lang='lat' dir='ltr'><strong>praefectum</strong></span> <span class='ocrx_word' id='word_1_292' title='bbox 357 3215 439 3270; x_wconf 70' lang='lat' dir='ltr'><strong>milids</strong></span> <span class='ocrx_word' id='word_1_293' title='bbox 456 3222 539 3270; x_wconf 79' lang='lat' dir='ltr'><strong>contro</strong></span> <span class='ocrx_word' id='word_1_294' title='bbox 548 3213 631 3270; x_wconf 83' lang='lat' dir='ltr'><strong>Socios</strong></span> <span class='ocrx_word' id='word_1_295' title='bbox 647 3215 750 3276; x_wconf 84' lang='lat' dir='ltr'><strong>faceret,</strong></span> <span class='ocrx_word' id='word_1_296' title='bbox 766 3210 815 3266; x_wconf 84' lang='lat' dir='ltr'><strong>lioc</strong></span> <span class='ocrx_word' id='word_1_297' title='bbox 834 3213 960 3268; x_wconf 81' lang='lat' dir='ltr'><strong>stmeudue</strong></span> <span class='ocrx_word' id='word_1_298' title='bbox 975 3213 1058 3267; x_wconf 79' lang='lat' dir='ltr'><strong>nortio</strong></span> 
     </span>
     <span class='ocr_line' id='line_1_37' title="bbox 83 3295 1058 3370; baseline 0 -20"><span class='ocrx_word' id='word_1_299' title='bbox 83 3311 151 3350; x_wconf 89' lang='lat' dir='ltr'><strong>causa</strong></span> <span class='ocrx_word' id='word_1_300' title='bbox 162 3295 250 3350; x_wconf 84' lang='lat' dir='ltr'><strong>iecisse</strong></span> <span class='ocrx_word' id='word_1_301' title='bbox 259 3298 361 3363; x_wconf 86' lang='lat' dir='ltr'><strong>dicitur,</strong></span> <span class='ocrx_word' id='word_1_302' title='bbox 377 3305 404 3354; x_wconf 87' lang='lat' dir='ltr'><strong>ut</strong></span> <span class='ocrx_word' id='word_1_303' title='bbox 413 3297 447 3354; x_wconf 77' lang='lat' dir='ltr'><strong>idi</strong></span> <span class='ocrx_word' id='word_1_304' title='bbox 456 3298 636 3370; x_wconf 62' lang='lat' dir='ltr'><strong>indeficuum,</strong></span> <span class='ocrx_word' id='word_1_305' title='bbox 654 3297 726 3352; x_wconf 92' lang='lat' dir='ltr'><strong>etiam</strong></span> <span class='ocrx_word' id='word_1_306' title='bbox 736 3297 781 3350; x_wconf 89' lang='lat' dir='ltr'><strong>hac</strong></span> <span class='ocrx_word' id='word_1_307' title='bbox 790 3296 924 3351; x_wconf 83' lang='lat' dir='ltr'><strong>nmmtione</strong></span> <span class='ocrx_word' id='word_1_308' title='bbox 935 3297 964 3351; x_wconf 91' lang='lat' dir='ltr'><strong>ad</strong></span> <span class='ocrx_word' id='word_1_309' title='bbox 974 3296 1058 3352; x_wconf 86' lang='lat' dir='ltr'><strong>Domi·</strong></span> 
     </span>
     <span class='ocr_line' id='line_1_38' title="bbox 83 3380 1058 3454; baseline 0 -21"><span class='ocrx_word' id='word_1_310' title='bbox 83 3380 137 3434; x_wconf 83' lang='lat' dir='ltr'><strong>tiam</strong></span> <span class='ocrx_word' id='word_1_311' title='bbox 149 3387 259 3450; x_wconf 90' lang='lat' dir='ltr'><strong>tempora</strong></span> <span class='ocrx_word' id='word_1_312' title='bbox 269 3382 421 3449; x_wconf 82' lang='lat' dir='ltr'><strong>remittimur,</strong></span> <span class='ocrx_word' id='word_1_313' title='bbox 433 3399 480 3453; x_wconf 88' lang='lat' dir='ltr'><strong>quo</strong></span> <span class='ocrx_word' id='word_1_314' title='bbox 491 3384 622 3454; x_wconf 86' lang='lat' dir='ltr'><strong>imperante</strong></span> <span class='ocrx_word' id='word_1_315' title='bbox 633 3380 747 3454; x_wconf 77' lang='lat' dir='ltr'><strong>Agricola</strong></span> <span class='ocrx_word' id='word_1_316' title='bbox 757 3396 778 3435; x_wconf 93' lang='lat' dir='ltr'><strong>a.</strong></span> <span class='ocrx_word' id='word_1_317' title='bbox 789 3382 824 3438; x_wconf 80' lang='lat' dir='ltr'><strong>st</strong></span> <span class='ocrx_word' id='word_1_318' title='bbox 840 3396 865 3450; x_wconf 89' lang='lat' dir='ltr'><strong>p.</strong></span> <span class='ocrx_word' id='word_1_319' title='bbox 878 3380 934 3435; x_wconf 87' lang='lat' dir='ltr'><strong>Chr.</strong></span> <span class='ocrx_word' id='word_1_320' title='bbox 947 3381 1058 3434; x_wconf 92' lang='lat' dir='ltr'><strong>admon·</strong></span> 
     </span>
     <span class='ocr_line' id='line_1_39' title="bbox 85 3462 1057 3536; baseline -0.001 -18"><span class='ocrx_word' id='word_1_321' title='bbox 85 3469 130 3518; x_wconf 69' lang='lat' dir='ltr'><strong>um</strong></span> <span class='ocrx_word' id='word_1_322' title='bbox 142 3462 282 3534; x_wconf 87' lang='lat' dir='ltr'><strong>Grampium</strong></span> <span class='ocrx_word' id='word_1_323' title='bbox 299 3481 355 3522; x_wconf 90' lang='lat' dir='ltr'><strong>cum</strong></span> <span class='ocrx_word' id='word_1_324' title='bbox 366 3466 558 3536; x_wconf 88' lang='lat' dir='ltr'><strong>septentrionalis</strong></span> <span class='ocrx_word' id='word_1_325' title='bbox 572 3466 708 3520; x_wconf 86' lang='lat' dir='ltr'><strong>Britanniae</strong></span> <span class='ocrx_word' id='word_1_326' title='bbox 718 3464 814 3534; x_wconf 85' lang='lat' dir='ltr'><strong>populis</strong></span> <span class='ocrx_word' id='word_1_327' title='bbox 834 3464 919 3518; x_wconf 84' lang='lat' dir='ltr'><strong>acriter</strong></span> <span class='ocrx_word' id='word_1_328' title='bbox 935 3463 1057 3526; x_wconf 72' lang='lat' dir='ltr'><strong>conflicta</strong></span> 
     </span>
     <span class='ocr_line' id='line_1_40' title="bbox 85 3545 1058 3621; baseline -0.001 -21"><span class='ocrx_word' id='word_1_329' title='bbox 85 3545 182 3604; x_wconf 79' lang='lat' dir='ltr'><strong>ellllox</strong></span> <span class='ocrx_word' id='word_1_330' title='bbox 194 3547 224 3602; x_wconf 89' lang='lat' dir='ltr'><strong>ad</strong></span> <span class='ocrx_word' id='word_1_331' title='bbox 235 3548 310 3605; x_wconf 87' lang='lat' dir='ltr'><strong>Tacit.</strong></span> <span class='ocrx_word' id='word_1_332' title='bbox 322 3550 406 3621; x_wconf 78' lang='lat' dir='ltr'><strong>Agric.</strong></span> <span class='ocrx_word' id='word_1_333' title='bbox 418 3565 443 3620; x_wconf 86' lang='lat' dir='ltr'><strong>p.</strong></span> <span class='ocrx_word' id='word_1_334' title='bbox 450 3552 509 3607; x_wconf 79' lang='lat'>194.</span> <span class='ocrx_word' id='word_1_335' title='bbox 528 3549 607 3605; x_wconf 89' lang='lat' dir='ltr'><strong>Unum</strong></span> <span class='ocrx_word' id='word_1_336' title='bbox 617 3555 691 3604; x_wconf 87' lang='lat' dir='ltr'><strong>restat</strong></span> <span class='ocrx_word' id='word_1_337' title='bbox 702 3548 766 3618; x_wconf 90' lang='lat' dir='ltr'><strong>quod</strong></span> <span class='ocrx_word' id='word_1_338' title='bbox 776 3563 807 3603; x_wconf 93' lang='lat' dir='ltr'><strong>ne</strong></span> <span class='ocrx_word' id='word_1_339' title='bbox 817 3548 857 3602; x_wconf 91' lang='lat' dir='ltr'><strong>ille</strong></span> <span class='ocrx_word' id='word_1_340' title='bbox 869 3547 965 3618; x_wconf 89' lang='lat' dir='ltr'><strong>quidem</strong></span> <span class='ocrx_word' id='word_1_341' title='bbox 975 3559 1058 3618; x_wconf 90' lang='lat' dir='ltr'><strong>quam·</strong></span> 
     </span>
    </p>
   </div>
   <div class='ocr_carea' id='block_1_3' title="bbox 0 0 1232 3984">
    <p class='ocr_par' dir='ltr' id='par_1_7' title="bbox 0 0 1232 3984">
     <span class='ocr_line' id='line_1_41' title="bbox 0 0 1232 3984; baseline 0 0"><span class='ocrx_word' id='word_1_342' title='bbox 0 0 1232 3984; x_wconf 95' lang='lat' dir='ltr'><strong> </strong></span> 
     </span>
    </p>
   </div>
  </div>
 </body>
</html>
