2444 3984
222 260 259 323 18
323 249 326 257 ⁴
542 274 578 320 n.
600 274 671 320 mu.
693 273 879 334 uuvnuunus

218 413 274 473 Dat
296 429 423 490 poenas,
445 415 561 471 noctem
581 412 686 490 patitur
707 410 831 488 lugentis
848 399 975 472 ¹amicum

218 491 351 570 Pelidae,
374 495 509 555 cubatio
531 495 651 568 faciem,
675 512 742 554 mox
760 494 863 555 deinde
884 497 1012 574 supinus.
1156 510 1207 584 neap

218 579 297 656 Ergo
320 597 377 638 non
397 580 481 638 aliter
503 579 611 656 poterit
633 575 781 637 dormire?
810 577 986 652 Quibusdam
1206 585 1207 596 ¹

218 665 352 722 Somnum
376 663 439 722 rixa
461 662 546 722 iacit:
569 661 622 720 sed
642 663 770 739 quamvis
793 661 940 740 improbus
963 665 1042 723 anuis
1206 737 1207 742 ἵ

217 747 314 825 Atque
336 764 417 805 mero
440 746 557 805 demens
578 754 662 804 cavet
683 745 776 819 lruuc,
799 763 885 823 quem
908 748 1028 807 coccina
1049 747 1135 808 laena
1206 749 1207 818 ζ

220 831 307 889 Vitari
323 829 402 889 iubet
424 838 453 888 et
473 830 607 888 comitum
630 827 814 904 longissimus
837 828 920 904 ordo,
1206 879 1207 900 p

216 912 335 974 llultum
358 922 511 991 praeterea
532 911 705 971 flammarum
728 921 757 971 et
778 929 871 972 aenea
893 912 1017 991 lampas;
1155 926 1207 980 nso

106 1016 111 1020 ·
216 996 282 1072 llo,
308 1011 393 1074 quem
413 996 479 1055 luna
502 995 578 1055 solet
600 995 746 1055 deducere
767 994 816 1054 vel
835 995 926 1055 breve
949 995 1044 1057 lumen

217 1079 382 1155 (laudaiae,
407 1080 486 1139 cuius
509 1078 647 1156 dispenso
671 1087 700 1137 et
718 1087 850 1157 tempero
873 1079 961 1156 illum,

218 1162 390 1223 contemnit.
427 1160 554 1221 lliserae
577 1179 727 1238 cognosce
749 1165 898 1239 prooemia
920 1165 1012 1238 rixae,
1206 1193 1207 1230 l

217 1248 248 1306 Si
267 1248 330 1307 rixa
349 1256 410 1322 est,
433 1245 481 1304 ubi
503 1255 533 1304 tu
555 1245 670 1323 pulsas,
689 1262 746 1323 ego
768 1246 875 1324 vapulo
896 1255 1013 1307 tanturn.

216 1331 279 1390 Stat
302 1339 402 1389 contra
425 1330 553 1408 starique
575 1327 669 1389 iubet:
692 1347 797 1406 parere
819 1347 944 1390 necesse
967 1338 1027 1401 est;
1155 1344 1207 1397 290

215 1412 287 1472 Nam
309 1413 377 1491 quid
397 1431 487 1489 agas,
513 1431 598 1490 quum
619 1420 648 1471 te
671 1413 796 1476 luriosns
819 1421 906 1490 cogat
928 1423 957 1472 et
975 1413 1050 1474 idem

215 1494 352 1556 Fortior?
395 1495 477 1556 Unde
499 1493 603 1555 venis?
622 1495 779 1566 exclamat3
802 1496 883 1556 cuius
906 1506 1003 1573 aceto,

217 1579 305 1640 cuius
326 1580 438 1640 coneha
462 1576 575 1639 tumes?
598 1581 661 1658 quis
683 1588 779 1640 tecum
799 1579 902 1640 sectile
924 1598 1041 1659 pormm

216 1665 304 1723 Sutor
326 1673 356 1725 et
376 1663 445 1723 elixi
466 1665 600 1722 vervecis
623 1662 705 1722 labra
728 1661 874 1724 eomedit?

215 1746 262 1806 Nil
284 1748 352 1807 milri
375 1743 560 1825 respondes?
579 1755 627 1806 aut
649 1745 695 1806 dic
718 1756 765 1806 aut
786 1748 888 1824 accipe
910 1747 1034 1806 calcem!
1152 1760 1207 1828 atita

215 1829 278 1890 Ede
299 1829 348 1890 ulai
367 1832 526 1901 consistas;
548 1831 576 1890 iu
600 1848 655 1908 qua
678 1839 707 1888 te
722 1847 839 1909 'quaero
860 1829 1099 1908 proseuchai-
1206 1835 1207 1866 ³

215 1914 322 1996 Dicere
343 1915 368 1973 si
389 1922 512 1993 temptes
534 1914 641 1993 aliquid
663 1916 805 1976 tacitusve
827 1914 962 1990 recedas,

215 1997 402 2058 'lantumdem
424 2007 484 2058 est:
508 1999 615 2058 leniunt
637 1999 762 2076 pariter,
785 1998 947 2058 vadimonia
969 1997 1073 2058 deiude
1206 2043 1207 2094 p

216 2080 282 2141 lrati
303 2082 425 2152 iaciunt;
446 2082 567 2142 libertas
590 2081 726 2160 pauperis
749 2079 822 2142 haec
844 2091 904 2141 est:
965 2123 969 2132 .
1206 2137 1207 2168 p

214 2165 347 2225 Pulsatus
370 2175 455 2243 rogat
476 2175 504 2225 et
526 2166 630 2244 pugnis
653 2166 787 2225 concisus
805 2165 916 2241 adorat,
1150 2173 1207 2242 300]

214 2247 252 2308 Ut
272 2248 360 2308 liceat
380 2250 481 2327 paucis
503 2267 567 2308 cnm
586 2248 719 2308 dentibus
741 2248 807 2308 iude
828 2249 946 2307 reverti.
1206 2243 1207 2278 l

214 2330 277 2390 Nec
294 2340 389 2391 tamen
409 2330 484 2391 haec
506 2340 612 2391 tantum
633 2340 759 2400 metuas3
780 2349 844 2390 nam
866 2332 915 2410 qui
936 2333 1044 2410 spoliet
1067 2341 1096 2392 te

103 2449 108 2460 ·
214 2413 280 2472 Nou
301 2414 412 2490 deerit,
435 2413 543 2474 clausis
565 2414 697 2474 domibus
718 2422 871 2493 postquam
894 2415 984 2475 omnis
1004 2415 1111 2495 ubique

214 2496 286 2556 Fixa
311 2506 460 2558 catenatae
484 2498 562 2558 siluit
584 2515 727 2576 compago
747 2497 895 2558 tabernae.

214 2579 358 2640 latendum
382 2591 411 2641 et
430 2582 509 2642 ferro
533 2580 644 2664 subitus
662 2590 814 2658 grassator
834 2583 893 2659 agit
914 2600 991 2642 rem:
1151 2593 1197 2645 305

215 2664 333 2724 Armato
356 2667 472 2743 quoties
494 2675 572 2725 tutae
590 2665 710 2725 custode
731 2674 865 2726 tenentur

214 2746 251 2806 itt
270 2748 419 2826 Pomptina
439 2750 523 2828 palus
546 2759 575 2810 et
596 2747 750 2809 Gallinaria
772 2749 867 2828 pinus,

215 2833 265 2892 Sic
287 2831 353 2891 inde
372 2833 428 2892 huc
451 2850 551 2893 omues
574 2841 716 2912 tamquam
735 2833 770 2892 ad
790 2833 900 2892 vivaria
923 2841 1049 2896 currunt.

215 2915 279 2988 Qua
298 2916 420 2976 lornace
441 2935 565 2994 graves,
587 2935 643 2995 qua
665 2932 723 2974 non
742 2916 846 2976 incude
864 2910 1006 2976 catenae?

216 2997 354 3060 Maximus
377 3001 405 3071 in
425 3000 529 3060 vinclis
549 3000 619 3059 ferri
640 2999 758 3075 modus,
777 3009 808 3058 ut
828 3001 948 3072 timeas,
971 3016 1008 3057 ue
1151 3008 1198 3061 310

215 3081 325 3142 Vomer
348 3082 479 3158 deficiat,
501 3100 537 3141 ne
555 3099 667 3142 marrae
691 3090 719 3140 et
740 3083 863 3156 sarcula
876 3081 979 3142 desint.

214 3161 331 3225 Felices
354 3181 529 3244 proavorum
553 3174 670 3239 atavos,
691 3164 790 3224 felicia
811 3164 890 3225 dicas

216 3249 339 3324 Secula,
364 3266 439 3326 quae
461 3248 604 3327 quondam
625 3247 676 3306 sub
697 3247 815 3325 regibus
837 3257 923 3326 atque
946 3247 1065 3308 tribunis

215 3330 357 3391 Viderunt
379 3348 435 3391 uno
458 3340 621 3391 contentam
643 3349 762 3409 carcere
786 3331 915 3392 Romam.

257 3413 309 3474 llis
329 3415 400 3475 alias
423 3423 554 3493 poteram
578 3424 607 3475 et
630 3414 730 3493 plures
752 3415 925 3476 subnectere
948 3431 1065 3474 causas:
1153 3422 1207 3490 tltp

217 3497 277 3558 Sed
299 3499 423 3559 iumenta
442 3507 565 3572 vocant,
590 3508 617 3558 et
638 3498 683 3558 sol
705 3498 835 3566 inclinat:
857 3497 979 3558 eundum
1003 3505 1058 3556 est.

1206 3713 1207 3740 l

1206 3743 1207 3770 l
