2444 3984
199 219 236 266 tv
589 219 795 268 PRAEFATIO·

204 363 284 434 plures
294 369 319 417 et
330 360 420 417 scholia
431 363 516 418 eodem
528 365 669 434 pcrtineuna
679 364 712 418 ita
728 370 894 429 accesserunt,
916 370 943 418 ut
954 380 1019 419 nunc
1031 363 1079 418 iere
1090 364 1182 420 duode·

204 446 253 502 cim
267 461 346 501 rernm
365 446 566 502 luvenaiianarum
585 454 658 502 testes
672 447 812 511 habeamus,
833 447 959 518 dequibus
972 454 996 501 et
1011 447 1144 518 Pinzgerus
1157 447 1182 502 in

204 530 224 587 1.
235 529 293 586 Chr.
306 529 370 585 lahn.
383 529 412 584 N.
424 531 507 585 rinnai.
520 531 624 587 18351.
636 530 696 594 xiv,
712 547 737 600 p.
750 535 800 588 261
812 546 863 602 sqq.
877 535 901 584 et
912 546 956 585 nos
970 530 1110 586 inProoem.
1122 531 1180 590 lect.

205 614 272 670 Gott.
292 617 360 671 1843
378 614 480 684 amplius
498 615 684 684 disputavimus,
705 629 836 686 eorumque
851 619 944 683 septem
960 615 1031 669 etiam
1043 612 1073 668 Ο.
1085 613 1182 668 Iahnius

205 697 235 754 ad
245 697 355 752 editionis
365 712 423 752 suae
439 698 530 752 calcem
547 697 663 760 subiecit;
682 696 724 769 qui
735 698 776 753 ubi
792 698 854 752 inter
869 704 896 751 s'e
912 700 1079 762 consentiunt,
1098 698 1182 768 utique

192 781 338 850 ‘locupletes
353 780 503 835 existimandi
520 787 590 848 sunt,
607 782 645 835 sin
662 781 804 836 dissentiunt
835 781 927 836 nullum
947 782 1005 837 adeo
1024 796 1081 852 prae
1092 781 1182 835 ceteris

205 863 350 919 eminentem
366 863 483 930 offerunt,
501 870 528 919 nt
538 871 579 918 ant
595 865 692 919 omniuo
714 866 795 920 autin
813 865 952 936 grauissima
970 865 1016 919 hac
1033 865 1180 936 quaestione,

204 963 265 1019 qnae
275 946 305 1003 ad
316 947 414 1001 exilium
431 953 516 1017 poetae
527 954 633 1017 spectat,
649 948 713 1002 iilius
723 949 803 1018 potius
819 949 890 1003 hdem
907 964 979 1019 qnam
994 954 1103 1003 nostrum
1121 947 1182 1002 iudi·

205 1032 270 1085 cium
280 1031 348 1102 sequi
358 1029 494 1086 debeamus.
527 1029 578 1094 Qua
590 1032 613 1085 in
624 1033 762 1102 quaestione
772 1032 820 1086 hoc
830 1032 925 1103 quidem
943 1033 1004 1087 iuter
1020 1045 1104 1086 omnes
1124 1046 1182 1085 con-

205 1119 265 1178 stat,
286 1112 422 1168 iuvenalem
439 1113 468 1168 ab
488 1114 645 1183 inperatore,
664 1116 732 1170 cuius
747 1115 859 1170 irammel
876 1115 1037 1186 suspicionem
1048 1130 1181 1184 pancorum

204 1211 317 1252 versuum
327 1196 399 1252 satira
409 1197 447 1252 vel
458 1197 630 1270 epigrammate
640 1200 768 1262 movisset,
787 1199 831 1253 suh
842 1200 923 1269 specie
936 1199 1033 1254 honoris
1045 1205 1069 1252 et
1081 1198 1181 1252 obtentu

205 1279 328 1336 militiohe
339 1281 363 1334 in
375 1286 495 1336 extremos
505 1282 598 1352 imperii
610 1282 669 1337 fines
680 1283 817 1354 ablegatum
828 1296 888 1350 esse,
900 1283 1019 1354 maqueda
1035 1297 1107 1336 causa
1118 1281 1182 1335 iliius

206 1365 254 1419 irae
267 1365 427 1419 controversia
439 1371 488 1431 est,
505 1365 562 1436 quin
572 1366 644 1421 iidem
655 1381 737 1420 versus
749 1366 851 1429 inerint,
863 1382 924 1437 quos
940 1380 1004 1420 nunc
1020 1364 1071 1419 Sat.
1083 1364 1134 1418 VII.
1147 1367 1182 1421 90

208 1479 243 1486 —
253 1451 286 1506 92
303 1448 405 1502 insertos
415 1447 524 1503 Paridem
538 1450 712 1518 pantomimum
730 1451 754 1504 in
771 1449 900 1504 Domitiani
918 1449 971 1504 ania
987 1448 1181 1518 potentissimum

206 1530 293 1586 acerbe
301 1545 401 1602 carpere
412 1531 533 1596 videmus,
550 1533 613 1588 unde
630 1535 702 1588 ctiam
714 1532 795 1588 Sidou.
808 1533 885 1602 Apoll.
897 1531 940 1587 IX.
951 1534 1002 1589 266
1018 1531 1182 1586 1111111111-

205 1616 244 1668 111
254 1613 345 1670 mam
358 1615 497 1684 appellavit:
513 1622 538 1670 at
555 1624 579 1670 et
590 1617 620 1670 de
631 1617 684 1671 loco
696 1617 760 1670 exitii
777 1623 801 1670 ct
813 1616 842 1670 de
853 1617 996 1685 imperatore
1005 1615 1050 1685 ipsi
1060 1629 1183 1686 gramma·

205 1698 246 1752 tici
257 1698 316 1752 adeo
327 1697 389 1752 iuter
399 1713 426 1752 se
436 1697 578 1768 discrepant,
590 1707 618 1752 ut
628 1701 673 1754 nisi
684 1699 782 1754 internis
792 1699 940 1770 argumentis
951 1698 1061 1754 adhibitis
1071 1698 1183 1752 stabilem

205 1781 239 1834 rei
249 1780 380 1852 imaginem
390 1781 516 1850 concipere
529 1797 577 1836 nou
595 1782 672 1837 liceat.
704 1782 817 1847 Quamvis
826 1782 890 1836 enim
905 1797 1005 1837 numero
1016 1781 1112 1852 plurimi
1123 1797 1184 1850 poe·

205 1870 255 1918 tam
265 1863 290 1918 iu
301 1865 437 1936 Aegyptum
449 1865 549 1920 missum
562 1881 614 1919 esse
625 1867 725 1929 tradant,
739 1872 859 1920 tamenne
872 1864 897 1920 hi
907 1866 1003 1937 quidem
1013 1867 1075 1919 iuter
1085 1879 1112 1920 se
1123 1880 1184 1920 con·

204 1949 322 2010 sentiunt,
343 1948 386 2002 scd
403 1963 477 2020 quum
489 1948 527 2004 alii
544 1956 675 2004 extremam
685 1950 789 2022 Aegypti
801 1957 894 2019 partem
910 1955 951 2004 ant
961 1949 1081 2004 civitatem
1092 1948 1183 2002 Hoasin

205 2029 300 2097 (Schoi.
312 2030 332 2083 Ι.
348 2032 428 2100 1)111
445 2032 522 2087 Hoasa
534 2031 628 2099 (Schol.
641 2033 681 2087 IV.
693 2037 741 2102 38)
760 2034 896 2101 nominent,
916 2031 1001 2087 Suidas
1025 2047 1079 2086 cunr
1097 2031 1183 2086 1111111

205 2114 388 2186 chronographo
398 2115 428 2169 do
436 2114 685 2188 Domitianoloqnens,
695 2108 776 2180 ὅστις,
788 2117 872 2188 inquit,
880 2111 1005 2186 βασιλεὺς
1012 2108 1121 2181 ἐξώρισε
1132 2132 1184 2166 τον

202 2191 382 2268 Ἰονβενάλιον
393 2192 422 2250 ἔν
436 2193 605 2252 Πενταπόλει
617 2193 662 2252 ἐπὶ
672 2194 723 2267 τὴν
733 2194 854 2270 Actione:
867 2205 915 2254 tres
925 2197 1118 2270 deniqueSeotict'
1128 2197 1185 2253 tetta·

202 2281 391 2352 praepociterura
400 2281 438 2334 vel
454 2282 626 2351 praefecturam
638 2282 740 2338 militum
752 2297 807 2338 enm
823 2282 943 2352 accepisse
952 2289 1061 2345 narrant;
1079 2282 1184 2351 impera·

204 2370 283 2418 torem
299 2369 379 2417 autem
390 2363 450 2417 alius
461 2363 586 2419 Claudium
606 2365 739 2430 Neronem,
758 2366 817 2420 alius
827 2365 966 2433 Traianum,
979 2366 1076 2436 plurimi
1088 2371 1184 2420 tantum

209 2447 371 2502 Domitianum
381 2454 530 2510 memorant;
542 2463 619 2519 neque
630 2448 689 2503 adeo
699 2455 794 2520 tempns
806 2449 870 2504 exilii
886 2449 970 2504 iisdem
981 2449 1068 2504 finibus
1079 2449 1184 2504 circum-

204 2531 324 2594 scrihnnt,
341 2531 405 2601 quod
422 2545 497 2603 quum
516 2547 577 2586 nnus
588 2532 617 2586 ab
629 2539 735 2587 extrema
745 2532 874 2587 Domitiani
892 2538 969 2587 aetate
979 2547 1055 2604 usquc
1065 2533 1095 2587 ad
1107 2533 1183 2588 rinto-

204 2615 287 2669 ninnm
293 2613 363 2668 Pium
374 2615 492 2679 extendat,
504 2615 544 2670 alii
555 2616 649 2671 exulem
660 2617 721 2671 intra
732 2617 897 2672 brevissimum
907 2622 1002 2687 tempus
1013 2617 1080 2671 senio
1092 2632 1120 2670 11
1132 2624 1183 2671 tae

204 2696 244 2752 dio
254 2698 318 2752 vitae
325 2699 459 2770 mentisque
470 2700 619 2772 aegritudine
630 2699 783 2771 absumptum
794 2700 939 2770 perhibeant,
954 2706 990 2755 est
1002 2700 1074 2754 etiam
1085 2701 1125 2772 qui
1133 2699 1172 2755 Ro

204 2795 269 2836 mam
279 2795 416 2846 reversum,
435 2799 504 2856 patra
523 2781 655 2839 Martialem
670 2800 739 2838 11111
755 2801 802 2838 uon
819 2784 919 2848 1111111,
939 2800 1003 2839 auno
1021 2784 1107 2838 aetatis
1123 2800 1184 2839 arcae

204 2865 278 2920 111111
288 2867 474 2939 11111119ωὲ111
485 2867 611 2922 tristitiae
621 2883 710 2939 uapore
722 2867 825 2940 partiam
833 2874 919 2924 narrat.
939 2865 970 2921 ht
979 2867 1099 2922 denotatis
1110 2883 1182 2934 anno,

204 2963 275 3019 quem
291 2957 363 3018 poeta
378 2950 498 3021 attigerit,
511 2951 595 3022 reliqui
607 2965 701 3023 qnoque
712 2951 743 3006 ita
754 2957 778 3006 et
786 2952 848 3007 inter
858 2966 885 3007 se
895 2957 919 3005 et
930 2966 985 3006 cum
993 2951 1120 3022 Borghesii
1132 2952 1183 3006 cai-

205 3031 265 3086 culis
276 3039 425 3104 congmmrt,
442 3039 470 3088 nt
485 3034 610 3106 octoginta
628 3035 729 3104 amplius
746 3049 820 3089 anuos
841 3041 924 3090 natum
940 3035 1074 3090 Iuvenalem
1092 3035 1183 3090 obiisse

205 3129 247 3184 pro
260 3115 382 3184 explorato
396 3131 484 3185 ponere
494 3117 578 3180 liceat;
597 3118 620 3173 id
638 3119 717 3188 ipsum
733 3125 813 3173 tamen
829 3119 850 3174 si
869 3120 1048 3188 amplectimur,
1068 3133 1125 3173 sane
1136 3119 1182 3172 mi·

204 3213 258 3253 rum
270 3206 306 3254 ert
323 3213 406 3255 senem
420 3201 616 3274 octogenarium,
637 3202 677 3273 qui
696 3203 788 3257 nullum
807 3208 875 3257 antea
887 3203 985 3258 mihtiae
997 3203 1119 3272 specimen
1131 3203 1182 3256 edi·

203 3281 290 3346 disset,
311 3283 404 3338 cohorti
419 3284 444 3340 in
461 3286 573 3341 extremis
588 3287 681 3356 imperii
698 3286 783 3341 tinibus
801 3287 908 3342 tendenti
924 3287 976 3341 siue
993 3286 1079 3340 horum
1097 3285 1181 3340 finium

203 3366 310 3435 periculo
322 3367 417 3437 praefici
427 3371 549 3438 potuisse;
567 3386 613 3425 uec
622 3370 701 3425 minus
718 3371 778 3426 illud
788 3371 913 3436 miramur,
925 3371 989 3442 quod
1007 3369 1052 3423 etsi
1065 3368 1115 3425 Sat.
1128 3369 1178 3423 XV.

202 3449 248 3504 suh
258 3450 376 3506 Hadriano
386 3453 499 3523 scriptam
511 3455 656 3510 esseInncns
666 3455 750 3510 consui
764 3456 858 3520 evincit,
870 3455 1013 3510 Hadrianum
1022 3453 1086 3507 exiiii
1097 3459 1180 3507 aucto·

202 3547 253 3588 rem
265 3549 336 3590 nemo
347 3536 417 3591 testis
424 3537 534 3607 prodidit,
547 3539 635 3594 sedvel
646 3539 687 3611 qni
695 3540 824 3594 versiculos
835 3541 893 3596 olim
904 3545 986 3594 eontra
993 3537 1102 3592 Paridem
1113 3551 1181 3591 com*
