2438 3994
206 252 247 316 98
518 264 554 312 1).
576 264 648 312 mn.
670 263 856 312 mvnuuurs

206 403 315 465 Oceani
335 412 463 464 monstra
486 412 516 464 et
538 404 657 463 iuvenes
681 402 790 462 vidisse
811 402 946 462 marinos.

204 487 270 548 Non
292 505 363 547 unus
386 495 498 546 mentes
519 488 609 564 agitat
635 486 731 547 furor:
751 484 802 546 ille
823 487 934 546 sororis

174 577 178 585 “
204 572 236 632 ln
257 570 386 632 manibus
408 570 489 631 vultu
509 569 697 630 Eumenidum
718 577 843 630 terretur
864 577 894 629 et
915 570 985 646 igni,
1142 584 1202 637 285

203 654 257 715 llic
278 653 355 715 bove
378 671 520 734 percusso
539 655 650 730 mugire
672 652 890 730 Agamemnona
912 653 1005 715 credit

203 737 261 797 Aut
282 737 425 808 ltlnacum3
449 747 550 818 parcat
571 738 675 797 tunicis
698 737 767 797 licet
790 744 878 814 atque
901 735 1038 814 lacernis,

204 818 354 882 curatoris
377 830 462 900 eget,
492 823 541 901 qui
566 837 667 881 navem
691 819 836 880 mercibus
859 818 961 898 implet

202 904 248 966 Ad
271 922 408 965 summum
427 905 502 966 latus
524 914 553 966 et
574 904 671 966 tabula
690 904 874 981 distinguitur
895 904 981 980 unda,

203 989 296 1062 Quum
318 988 356 1047 sit
378 1005 466 1049 censa
491 989 558 1050 mali
579 989 649 1050 tanti
671 996 701 1049 et
723 986 893 1047 discriminis
919 986 1001 1047 buius
1140 1003 1199 1057 290

204 1070 358 1132 Gonoisum
381 1079 531 1148 argentum
551 1073 580 1131 in
600 1070 699 1132 titulos
725 1071 877 1149 faciesque
901 1072 1033 1131 minutas.

203 1153 364 1216 Occurmnt
385 1154 477 1214 nubes
500 1164 530 1215 et
551 1155 681 1232 fulgura:
714 1155 828 1216 Solvite
850 1153 958 1228 funem,

201 1236 347 1298 Frumenti
369 1239 500 1299 dominus
524 1237 629 1299 clamat
649 1239 798 1317 piperisve
823 1240 970 1317 coempti,-

201 1319 249 1382 Nil
272 1322 356 1382 color
376 1323 424 1383 bie
446 1322 541 1398 coeli,
569 1322 609 1382 nil
634 1322 725 1383 fascia
745 1324 827 1400 nigra
852 1323 989 1390 minatum

201 1405 352 1467 Aestivum
374 1415 463 1467 tonat.
488 1440 529 1452 —
560 1405 667 1466 lnfelix
687 1406 742 1466 bac
764 1406 885 1466 forsitan
907 1407 969 1483 ipsa
1135 1420 1192 1476 295

200 1488 294 1549 Nocte
318 1490 394 1550 cadit
416 1489 516 1551 fractis
539 1489 684 1564 trabibus,
706 1488 852 1568 fluctuque
874 1497 1023 1568 premetur

201 1555 326 1632 onruds
350 1582 379 1634 et
401 1590 502 1634 nonam
525 1572 609 1632 laeva
631 1589 786 1650 morsuque
808 1573 928 1633 tenebit.

200 1655 260 1716 Sed
282 1657 363 1716 cuius
386 1658 462 1716 votis
484 1656 570 1716 modo
594 1672 652 1716 non
671 1657 829 1716 suffecerat
850 1673 959 1732 aurum,

200 1737 285 1812 Quod
308 1737 405 1817 'fagus
428 1747 458 1800 et
480 1738 565 1800 rutila
589 1740 682 1800 volvit
704 1739 840 1800 Pactolus
859 1756 957 1815 arena,

198 1819 315 1899 Frigida
338 1823 484 1883 sufficient
506 1823 638 1884 velantes
659 1824 772 1900 inguina
796 1824 881 1901 panni
1131 1836 1189 1891 300

198 1903 389 1986 Exiguusqne
414 1905 514 1981 cibus,
535 1925 631 1968 mersa
655 1915 718 1968 rate
740 1906 897 1983 naufragus
922 1921 1017 1965 assem

198 1987 272 2048 Dum
297 1999 383 2067 rogat
406 2000 435 2050 et
457 1993 533 2070 picta
557 2009 590 2051 se
612 1998 786 2070 tempestate
808 1997 914 2049 tuetur.

226 2071 340 2143 ,Tantis
362 2083 444 2152 parta
467 2074 550 2135 malis
574 2094 643 2136 cura
665 2075 774 2134 maiore
798 2081 934 2151 metuque

198 2157 365 2217 Servantur.
393 2155 499 2219 llisera
522 2159 682 2236 estmagni
703 2157 834 2217 custodia
856 2154 977 2216 census!

197 2238 355 2318 Dispositis
378 2241 534 2319 praedives
555 2241 646 2304 barnis
667 2241 792 2318 vigilare
815 2239 965 2301 cohortem
1130 2255 1183 2310 305
1213 2239 1216 2246 “

99 2333 102 2340 “
198 2324 355 2382 Servorum
377 2333 464 2384 noctu
486 2322 601 2385 Licinus
623 2323 718 2399 iubet,
742 2326 877 2384 attonitus
900 2339 955 2402 pro

196 2404 317 2465 Electro
341 2407 490 2484 signisque
516 2408 576 2466 suis
597 2406 781 2486 Phrygiaque
805 2407 937 2468 columna

196 2487 293 2566 Atque
316 2488 407 2549 ebore
432 2498 463 2549 et
485 2489 542 2550 lata
564 2490 718 2550 testudine.
753 2490 840 2552 Dolia
865 2490 932 2551 nudi

196 2569 261 2631 Non
284 2573 385 2634 ardent
409 2569 525 2649 (Ignium
550 2574 575 2633 si
595 2574 738 2651 fregeris,
762 2575 854 2636 altera
877 2575 927 2634 liet

197 2652 269 2716 Cras
292 2656 410 2732 domus,
433 2666 520 2736 atque
539 2657 641 2719 eadem
660 2656 778 2737 plumbo
795 2658 948 2719 commissa
964 2660 1102 2722 manebit.
1128 2671 1180 2727 ³10

196 2739 294 2799 Sensit
317 2740 501 2817 Alexander,
528 2750 603 2802 testa
624 2760 710 2822 quum
731 2741 802 2801 vidit
822 2744 851 2801 in
873 2740 923 2802 illa
1196 2743 1197 2748 ’

194 2819 329 2901 Magnum
351 2823 559 2904 habitatorem,
583 2834 690 2904 quanto
715 2822 830 2884 felicior
850 2825 914 2901 bic,
938 2828 985 2904 qui

194 2904 243 2966 Nil
265 2915 402 2986 cuperet,
427 2925 511 2986 quam
535 2910 584 2986 qui
604 2918 695 2970 totum
717 2906 772 2966 sibi
794 2917 934 2987 posceret
959 2909 1071 2987 orbem,

194 2989 337 3051 Passurus
358 2993 451 3070 gestis
473 2992 623 3072 aequanda
647 2991 779 3072 pericula
799 2990 897 3051 rebus.

194 3072 311 3134 Nullum
332 3093 435 3136 numen
457 3077 558 3153 abest,
585 3077 610 3137 si
633 3078 670 3136 sit
691 3073 856 3155 prudentia;
882 3092 935 3136 nos
958 3085 999 3153 te,
1127 3087 1177 3141 315

194 3155 256 3217 Nos
280 3157 417 3236 facimus,
440 3158 584 3237 Fortuna,
608 3160 700 3223 deam.
736 3157 871 3219 blensura
893 3167 988 3222 tamen
1008 3178 1084 3239 quae
1205 3179 1206 3186 ¹

194 3239 326 3301 Suflloiat
350 3261 470 3319 census,
495 3245 520 3303 si
544 3245 607 3323 quis
629 3262 675 3306 me
702 3242 852 3318 consulat,
872 3242 969 3304 edam:

193 3322 227 3384 ln
249 3334 384 3402 quantum
407 3328 468 3386 sitis
491 3336 578 3405 utque
603 3329 694 3388 fames
719 3334 748 3386 et
772 3327 883 3404 frigora
902 3337 1036 3405 poscunt,

195 3405 353 3485 Quantum,
374 3408 518 3486 Epicure,
540 3409 592 3470 tibi
614 3414 711 3491 parvis
734 3411 849 3470 suffecit
870 3410 898 3470 in
922 3410 1025 3488 bortis,

195 3487 337 3563 Quantum
360 3491 503 3552 Socratici
528 3505 668 3573 ceperunt
690 3502 756 3557 ante
780 3502 910 3572 penates.
1125 3505 1172 3558 32⁰
