2444 3984
200 278 236 338 10
524 267 653 334 ojano.
676 283 861 331 ruumnnms

197 428 233 488 Et
255 436 369 487 contum
391 435 419 486 et
442 426 543 503 Stygio
566 443 650 485 ranas
673 425 701 482 in
721 423 965 500 gurgite‘nigras,
1106 432 1117 462 ·'
1146 436 1197 487 tso

197 513 294 591 Atque
320 530 373 571 uua
395 511 517 570 transire
540 509 643 569 vadum
665 507 807 580 totmilia
837 506 949 583 cymba,

196 597 361 674 Necpucri
387 594 517 669 credunt,
538 593 592 652 nisi
615 593 662 670 qui
680 590 805 651 nondum
827 609 896 651 acre
919 591 1057 651 lavantur.

195 679 257 740 Sed
278 689 307 738 tu
325 696 397 739 vera
419 687 501 756 puta:
525 673 628 736 Curius
652 675 719 754 quid
743 675 830 735 sentit
853 683 882 734 et
897 674 981 734 ambo

197 763 367 840 Scipiadae,
394 762 461 840 quid
482 759 632 821 Fabricius
653 776 811 836 manesque
835 756 959 833 Camilli,

197 847 271 918 Quid
295 844 452 908 Cremerae
473 844 553 921 legio
576 853 604 903 ct
627 840 733 903 Cannis
753 852 922 920 consumpta
942 843 1085 919 iuventus,
1140 856 1195 906 155

196 929 253 989 Tot
274 929 418 990 bellorum
444 930 572 1003 animae,
597 929 713 1006 quoties
737 925 804 985 hinc
825 925 891 985 talis
913 924 949 986 ad
969 925 1038 985 illos

197 1012 303 1072 Umbra
323 1009 420 1073 veuit?
445 1019 584 1088 cuperent
603 1011 732 1085 lustrari,
756 1011 780 1068 si
799 1026 854 1087 qua
869 1009 1005 1070 darentur

196 1096 311 1156 Suliura
335 1113 398 1154 cum
426 1094 533 1169 taedis,
570 1100 599 1151 et
633 1093 657 1152 si
677 1093 754 1152 lorc't
776 1092 889 1152 bumida
906 1093 1013 1152 laurus.

197 1179 286 1256 llluo,
310 1177 383 1254 beu,
406 1178 504 1237 miseri
527 1176 714 1236 traducimur!
737 1175 825 1236 Arma
849 1177 964 1255 quidem
987 1177 1060 1238 ultra

197 1261 293 1322 Litora
315 1261 458 1322 lubernac
480 1262 676 1338 promovimus
699 1268 728 1320 et
749 1260 836 1321 modo
860 1270 960 1338 captas
1141 1273 1194 1326 160

199 1344 329 1406 Orcadas
350 1363 385 1405 ac
406 1345 519 1405 minima
542 1354 694 1405 contentos
717 1354 803 1404 nocte
826 1342 992 1418 Britannos;

197 1428 258 1490 Sed
277 1447 351 1508 quae
374 1447 449 1488 nunc
471 1428 571 1506 populi
591 1429 659 1488 liunt
681 1428 801 1488 victoris
823 1428 852 1487 in
873 1428 956 1502 urbc,

197 1512 262 1572 Non
284 1512 391 1573 iaciunt
411 1513 470 1589 illi,
494 1530 567 1590 quos
586 1513 716 1572 vicimus.
762 1511 799 1571 llt
820 1521 915 1571 tamen
937 1514 1009 1571 unus

175 1598 177 1602 ’
199 1596 353 1656 Armenius
375 1596 507 1657 Zalaces*
524 1598 634 1656 cunctis
655 1605 786 1656 narratur
805 1596 929 1674 ephebis

198 1679 314 1741 Mollior
336 1679 448 1740 ardenti
470 1698 538 1739 sese
560 1679 715 1739 indulsisse
737 1681 860 1752 tribuno,
899 1734 901 1738 .
1047 1705 1077 1730 .·
1139 1688 1191 1742 165

199 1764 328 1842 Aspice,
350 1764 417 1842 quid
439 1763 545 1823 iaciant
569 1763 758 1823 commercia!
781 1772 901 1823 venerat
923 1762 1027 1836 obses;

197 1847 251 1907 llic
271 1847 339 1906 luunt
361 1847 503 1906 homines.
548 1847 620 1906 Nam
643 1849 667 1906 si
689 1845 768 1907 niora
790 1848 905 1924 longior
928 1847 1027 1907 urbem

197 1931 318 1992 Indulsit
339 1933 454 2010 pueris,
477 1947 534 1990 non
558 1949 691 2010 umquam
714 1933 808 1991 deerit
831 1940 955 2004 amator;

197 2013 344 2075 Mittantur
363 2014 505 2092 braccae,
531 2015 659 2091 cultelli,
682 2015 782 2090 ircna,
803 2015 964 2092 flagellum:

198 2099 247 2158 Sic
271 2108 471 2178 praetextatos
493 2099 624 2160 referunt
645 2099 784 2160 Artaxata
803 2116 910 2159 mores.
1140 2107 1190 2163 tto

529 2461 856 2528 SATIRAIII.

199 2567 342 2670 Quamvis
362 2599 495 2676 digressu
518 2600 627 2660 veteris
650 2599 787 2661 confusus
810 2601 903 2675 amici,

198 2681 295 2743 Laudo
317 2691 428 2758 tamen,
452 2684 551 2743 vacuis
571 2684 649 2763 quod
672 2683 772 2744 sedem
793 2684 885 2762 lugere
909 2680 1005 2743 Gumis

198 2764 332 2826 Destinet
354 2777 441 2844 atquc
463 2786 547 2827 unum
571 2769 664 2828 civem
686 2768 794 2828 donare
816 2767 958 2842 Sibyllae.

197 2849 284 2909 lanua
309 2848 442 2911 Baiarum
462 2860 505 2911 est
528 2847 557 2911 et
576 2861 688 2929 gratum
710 2851 776 2911 litus
798 2852 911 2912 amoeni
951 2863 954 2868 '

198 2935 359 3005 Secessus3
383 2953 439 3013 ego
462 2937 511 2995 vcl
534 2935 706 3011 Prochytam
728 2952 878 3013 praepono
901 2935 1043 2994 Suburae.
1171 2947 1187 2998 5

197 3016 270 3076 Nam
293 3018 360 3096 quid
382 3027 439 3079 taur
460 3021 612 3095 miserum,
635 3027 693 3078 tam
715 3018 814 3087 solum,
827 3018 965 3094 vidimus,
990 3026 1095 3078 utnon

197 3101 335 3162 Deterius
358 3103 461 3163 credas
484 3103 606 3163 horrere
629 3101 777 3177 incendia,
800 3101 899 3179 lapsus

198 3185 354 3246 'lectorum
378 3186 511 3247 assiduos
533 3204 568 3246 ac
590 3184 669 3244 millc
693 3185 824 3263 pericula
847 3202 980 3256 saevae,

119 3323 122 3328 .
199 3268 285 3328 Urbis
308 3279 337 3328 et
359 3270 492 3348 Augusto
514 3270 670 3329 recitantes
692 3287 792 3328 mense
817 3265 941 3347 poetas?

199 3352 258 3412 Sed
278 3353 342 3412 dum
361 3362 421 3411 tota
444 3353 544 3412 domus
565 3352 637 3412 reda
661 3353 842 3431 componitur
863 3370 929 3429 una,
1150 3365 1184 3416 ιο

199 3433 331 3493 Substitit
354 3434 389 3493 ad
409 3443 526 3494 veteres
549 3453 633 3496 arcus
655 3436 854 3515 madidamque
879 3434 1036 3513 Capenam.

199 3515 268 3592 llic,
292 3514 339 3574 ubi
358 3525 515 3577 nocturnae
537 3518 628 3579 Numa
652 3519 844 3580 constituebat
867 3519 989 3593 amicae,
