2444 3984
119 291 120 295 ,
208 225 247 288 lt
492 229 495 236 '
530 238 565 284 n.
589 237 660 285 mu.
683 208 870 284 uuvsunurs

76 377 80 384 ’
163 393 168 403 ’
206 377 252 438 Nil
273 377 324 437 tibi
346 395 379 437 se
400 376 511 438 debere
533 386 632 456 putat,
654 375 695 436 nil
717 377 850 436 conteret
867 393 1010 454 umquam,

205 462 378 540 Participem
401 463 498 540 quite
520 463 629 521 secreti
648 461 719 520 lecit
741 461 872 529 bonesti;

206 544 299 606 Carus
318 546 372 605 erit
392 545 494 621 Verri,
515 546 564 622 qui
585 544 708 604 Verrem
730 552 861 621 tempore
884 559 941 620 quo
964 542 1025 604 vult

207 629 354 690 Accusare
375 638 480 708 potest.
519 627 601 688 Tanti
618 627 669 687 tibi
689 644 747 706 non
766 628 803 687 sit
824 628 910 705 opaci
993 691 996 696 ,

206 711 304 774 Omnis
320 713 413 773 ¹arena
435 711 507 789 Tagi
526 712 661 791 quodque
683 713 712 770 in
728 729 807 771 mare
825 711 951 770 volvitur
972 728 1081 786 aurum,
1159 694 1192 749 ⁵⁵

163 807 165 810 ’
205 796 241 857 Ut
262 812 362 856 somno
385 813 487 856 careas
509 797 701 874 ponendaque
723 796 851 873 praemia
873 809 969 854 sumas

205 879 307 941 Tristis
329 888 358 939 et
379 897 395 939 a
413 895 516 956 magno
538 897 656 957 semper
676 879 803 941 timearis
825 879 928 939 amico.

247 967 329 1038 Quae
351 980 426 1022 nunc
448 961 581 1022 divitibus
602 979 676 1039 gens
696 964 899 1040 acceptissima
920 963 1037 1038 nostris,

204 1048 241 1108 llt
263 1063 337 1125 quos
358 1047 517 1123 praecipue
539 1045 662 1122 logiam,
685 1046 852 1124 properabo
875 1048 971 1121 lateri,

204 1130 268 1190 Nec
290 1128 384 1207 pudor
407 1127 541 1188 obstabit.
587 1127 652 1188 Non
673 1147 791 1208 possum
811 1130 910 1207 lerre,
935 1129 1078 1202 Quirites,
1162 1119 1196 1172 ⁶⁰

205 1213 346 1276 Graecam
367 1210 482 1286 urbam3
506 1215 635 1290 quamvis
658 1223 745 1292 quanta
767 1215 863 1292 portio
884 1215 977 1274 laecis
1000 1197 1138 1272 Achaei?

204 1297 262 1358 lam
284 1294 395 1375 pridem
418 1297 508 1372 Syrus
530 1297 558 1357 in
575 1296 702 1358 Tiberim
724 1298 842 1358 deduxit
864 1296 1000 1373 Orontes,
1071 1315 1072 1320 ¹

203 1379 242 1442 itt
263 1380 388 1457 linguam
411 1389 440 1439 et
461 1396 560 1458 mores
582 1390 612 1441 et
633 1399 696 1441 curn
717 1382 836 1442 tibicine
855 1382 981 1441 chordas

205 1463 343 1542 Obliquas
362 1482 419 1524 nec
437 1482 494 1523 non
513 1464 634 1542 gentilia
653 1474 788 1544 tympana
811 1484 912 1526 secum

207 1547 292 1609 Venit
314 1556 343 1607 et
362 1547 398 1607 ad
422 1550 528 1608 circum
551 1549 645 1609 iussas
666 1558 799 1628 prostare
822 1549 946 1628 puellas.
1157 1552 1189 1604 65

204 1631 263 1708 lte,
286 1630 391 1710 quibus
411 1640 494 1709 grata
518 1641 563 1692 est
585 1633 662 1710 picta
684 1634 753 1711 lupa
772 1632 895 1694 barbara
916 1631 1013 1693 mitra!

204 1713 340 1775 Rusticus
362 1714 413 1775 ille
435 1724 500 1775 tuus
523 1718 606 1776 sumit
627 1715 996 1795 trecbedipna,·Quirine‚

205 1797 242 1860 llt
264 1800 440 1860 ceromatico
461 1799 520 1861 lert
541 1801 680 1860 niceteria
702 1800 797 1860 collo!

205 1882 258 1943 llic
280 1882 337 1943 alta
356 1883 499 1959 Sicyone,
523 1891 568 1943 ast
585 1883 633 1944 bic
655 1884 807 1958 Amydone
829 1884 945 1958 relicta,

205 1965 258 2026 llic
279 1961 398 2042 ¹Andro,
421 1967 471 2027 ille
494 1967 596 2042 Samo,
621 1967 668 2028 bic
691 1966 837 2029 Trallibus
858 1976 905 2028 aut
923 1965 1089 2038 Alabandis,
1151 1967 1182 2021 70

205 2049 351 2129 Esquilias
371 2051 534 2130 dictumque
547 2057 692 2129 'pctuuta
713 2053 818 2112 vimine
842 2052 959 2126 collem,

204 2133 326 2194 Viscera
345 2152 511 2211 magnarum
534 2135 667 2196 domuum
690 2135 855 2214 dominique
876 2135 972 2195 futuri.
1044 2198 1047 2204 ,

132 2241 134 2246 ·
205 2217 354 2295 Ingenium
375 2217 480 2295 velox,
504 2219 625 2293 audacia
647 2219 774 2298 perdita,
795 2235 890 2279 sermo
950 2279 953 2285 ,

205 2301 357 2378 Promptus
377 2310 406 2361 et
427 2301 512 2363 Isaeo
534 2305 700 2363 torrentior.
744 2302 826 2377 Ede,
850 2300 918 2379 quid
939 2301 1015 2370 illum

205 2383 281 2444 Esse
302 2381 406 2463 puteal
429 2387 559 2463 quemvis
580 2385 724 2446 homiuem
743 2403 843 2445 secum
864 2383 956 2446 attulit
976 2395 1011 2456 ad
1029 2417 1095 2466 nos:
1147 2422 1177 2476 75

206 2467 429 2546 Grammaticus,
452 2470 566 2544 rhetor,
587 2478 774 2545 geometres,
797 2469 910 2547 pictor,
933 2471 1045 2561 aliptes,

206 2553 322 2630 Augur,
347 2551 577 2627 schoenobates,
601 2553 748 2628 medicus,
766 2569 882 2630 magns:
906 2562 997 2624 omnia·
1011 2575 1088 2635 „opp
1147 2609 1150 2616 .

206 2635 366 2698 Graeculus
389 2637 537 2706 esuriens;
559 2635 587 2695 in
612 2635 742 2711 coelum,
764 2637 899 2710 iusseris,
922 2639 980 2704 ibit,

204 2719 237 2780 ln
259 2737 384 2796 summa,
404 2737 462 2779 non
475 2718 592 2780 llaurus
613 2728 676 2780 erat
696 2737 792 2796 neque
815 2721 941 2786 Sarmata
960 2748 1014 2795 nec
1035 2713 1126 2808 'llum

206 2803 261 2878 Qui
280 2805 401 2881 sumpsit
422 2803 541 2881 pinnas,
563 2803 666 2863 mediis
678 2802 738 2872 ¹sed
760 2812 842 2863 natus
864 2804 991 2875 Athenis.
1127 2794 1173 2898 ’80

157 2909 160 2916 ¹
204 2886 312 2947 llcrum
334 2904 390 2964 ego
410 2895 469 2947 non'
488 2887 595 2965 logiam
619 2884 792 2962 conchylia?
812 2906 858 2948 me
880 2893 955 2967 prior
975 2903 1023 2966 ille

114 3013 116 3018 -
206 2970 336 3048 Signabit
356 2970 504 3048 fultusque
526 2979 591 3030 toro
613 2969 734 3030 meliore
754 2970 912 3053 recumbet,

206 3053 355 3113 Advectus
378 3051 497 3115 Romam
520 3071 577 3133 quo
601 3072 690 3132 pruna
713 3063 742 3114 et
765 3063 880 3119 cottona
896 3070 1001 3132 uento?

77 3202 80 3207 ¹
208 3135 307 3214 Usque
329 3137 404 3197 adeo
428 3137 497 3198 nibil
520 3146 580 3213 est,
604 3138 682 3216 quod
705 3148 804 3200 nostra
825 3139 936 3212 inlantia
954 3159 1064 3224 coelum

206 3218 307 3279 llansit
328 3219 480 3297 Aventini,
504 3215 604 3283 bacca
613 3224 717 3284 nutrita
734 3221 861 3283 Sabina?
1140 3266 1169 3318 35

208 3300 283 3375 Quid
306 3305 384 3381 quod
401 3305 535 3366 adulandi
556 3325 630 3385 gens
653 3307 871 3385 prudentissima
892 3305 1005 3384 laudat
1056 3315 1059 3322 ’

209 3385 379 3447 Sermonem
397 3389 521 3466 indocti,
541 3389 646 3452 faciem
666 3385 806 3452 delorn'ris
829 3398 918 3478 amici,

211 3466 245 3528 llt
265 3469 383 3549 longum
405 3473 521 3536 invalidi
542 3475 648 3537 collum
671 3474 836 3536 cervicibus
857 3498 956 3564 aequat
1027 3529 1029 3533 ,
1050 3472 1058 3487 ⁸
