2438 3994
396 264 521 311 senten
542 263 613 312 XIV.

18 404 106 482 Fregit
128 420 216 482 opes;
239 421 295 462 nec
315 420 403 482 parva
426 411 521 462 tamen
542 421 675 463 mensura
698 404 819 466 relictae

18 489 97 546 Partis
121 496 199 547 erat:
222 495 311 546 totam
330 487 405 547 hanc
427 487 552 546 turbavit
575 487 649 547 lilius
677 506 785 564 amens,

18 571 79 630 llum
101 571 223 630 meliore
245 588 336 630 novus
360 570 466 630 attollit
485 588 628 630 marmore
648 571 744 630 villas.
959 583 992 636 95

52 654 170 726 Quidam
194 657 287 714 sortiti
308 663 484 714 metuentem
507 654 628 714 sabbata
648 664 760 733 patrem

16 739 54 796 llil
76 747 192 815 praeter
214 737 305 798 nubes
328 748 357 798 et
379 738 456 798 coeli
478 756 583 798 numen
605 739 735 815 adorant,

15 821 68 880 lleo
90 823 199 882 distare
222 831 323 900 putant
343 823 465 882 bumana
489 840 576 882 carne
600 823 723 898 suillam,

15 905 68 976 Qua
87 914 172 982 pater
191 904 341 972 abstinuit:
363 923 432 965 mox
454 915 483 966 et
504 907 655 984 praeputia
678 916 797 985 ponunt.

16 988 150 1048 Romanas
173 999 268 1049 autem
290 989 368 1050 soliti
392 1000 578 1049 contemnere
599 990 684 1067 leges
944 1005 994 1055 100

15 1072 152 1132 loduicum
175 1074 305 1133 ediscunt
328 1083 357 1132 et
377 1083 496 1134 servant
517 1091 551 1134 ac
571 1082 700 1133 metuunt
720 1075 776 1151 ius,

16 1154 133 1216 Tradidit
154 1174 258 1216 arcano
287 1158 492 1236 quodcumque
514 1158 660 1217 volumine
682 1156 793 1235 bloses,

15 1238 69 1298 llon
92 1249 256 1300 monstrare
278 1243 340 1301 vias
364 1242 466 1301 eadem
488 1242 543 1299 nisi
566 1260 649 1301 sacra
670 1243 790 1318 colenti,

14 1323 175 1395 Quaesitum
197 1322 232 1383 ad
252 1325 361 1385 iontem
384 1325 467 1384 solos
486 1324 633 1385 deducere
655 1343 774 1404 verpos.

6 1409 64 1468 ded
85 1416 171 1486 pater
193 1409 221 1466 in
244 1425 346 1485 causa,
369 1411 415 1468 cui
438 1410 562 1486 septima
585 1426 720 1486 quaeque
742 1410 796 1469 luit
824 1408 874 1468 lux
943 1421 994 1472 105

12 1489 112 1568 ignava
135 1500 164 1550 et
186 1500 296 1570 partem
318 1494 396 1552 vitae
418 1508 475 1551 non
500 1493 595 1568 attigit
615 1491 713 1552 ullam.

48 1578 162 1654 Sponte
184 1584 278 1635 tamen
304 1577 424 1637 iuvenes
448 1577 592 1635 imitantur
614 1585 727 1634 cetera:
749 1575 841 1635 solam

13 1657 89 1718 luviti
114 1676 231 1739 quoque
255 1661 402 1721 avaritiam
430 1677 573 1720 exercere
599 1659 743 1719 iubentur.

13 1741 93 1803 Fallit
118 1745 192 1802 enim
218 1746 315 1803 vitium
340 1745 442 1822 specie
463 1745 577 1803 virtutis
601 1752 630 1802 et
651 1743 761 1819 umbra,

14 1827 101 1898 Quum
123 1829 161 1888 sit
182 1830 264 1888 triste
285 1828 383 1888 habitu
406 1827 546 1905 vultuque
570 1837 600 1887 et
622 1837 707 1887 veste
729 1846 863 1888 severum
945 1840 995 1890 110

14 1909 68 1970 dec
96 1911 182 1971 dubie
206 1921 347 1990 tamqnam
372 1913 448 1989 irugi
470 1912 602 1972 laudetur
623 1929 737 1988 avarus,

14 1993 163 2073 Tamquam
184 2014 290 2074 parcus
315 1998 402 2057 homo
427 2005 455 2055 et
477 2014 573 2055 rerum
596 1995 685 2056 tutela
708 2012 820 2053 suarum

14 2077 97 2138 Certa
117 2081 226 2156 magis,
250 2098 334 2159 quom
358 2082 382 2140 si
405 2080 535 2139 fortunas
553 2088 652 2139 servet
675 2077 790 2138 easdem
1072 2145 1081 2152 ,

6 2155 199 2241 'Hesperidum
224 2182 347 2242 serpens
372 2172 420 2223 aut
442 2163 589 2222 Ponticus.
627 2161 711 2222 Adde
734 2160 811 2239 quod
833 2160 926 2234 hunc,
958 2158 994 2217 de

6 2245 72 2318 joco
95 2246 218 2324 loquor,
247 2249 397 2325 egregium
418 2246 544 2326 populus
568 2255 649 2324 putat
670 2244 837 2323 adquirendi
945 2253 995 2304 115

6 2330 173 2400 'rlrtilicem3
197 2333 305 2410 quippe
327 2333 371 2392 his
391 2339 526 2390 crescunt
545 2332 715 2408 patrimonia
737 2328 835 2389 fabris.

6 2413 66 2472 'Sed
91 2423 227 2473 crescunt
247 2432 432 2494 quocumque
456 2414 559 2490 modo,
583 2415 751 2492 maioraque
774 2413 844 2472 fiunt

15 2495 115 2556 incude
139 2498 253 2558 assidua
276 2516 453 2576 semperque
480 2498 601 2558 ardente
628 2500 750 2558 camino.

14 2578 44 2638 111
65 2589 151 2658 pater
174 2598 246 2658 ergo
271 2583 356 2641 animi
383 2582 487 2642 felices
512 2581 604 2642 credit
630 2598 751 2648 araros;

14 2663 62 2736 out
84 2666 204 2724 miratur
226 2682 318 2743 opes,
349 2667 397 2744 qui
416 2665 494 2724 nulla
516 2663 650 2742 exempla
673 2663 751 2723 beati
946 2671 996 2723 110

6 2747 147 2828 llauperis
173 2766 240 2808 esse
263 2759 361 2828 putat,
389 2751 511 2809 iuvenes
533 2749 679 2823 hortatur,
702 2755 732 2806 ut
752 2745 830 2806 illam

6 2829 52 2896 llre
76 2832 152 2890 viam
174 2843 296 2909 pergant
318 2843 348 2892 et
370 2833 464 2893 eidem
485 2831 652 2892 incumbere
676 2839 788 2889 sectae.

14 2915 80 2972 Sunt
102 2916 244 2993 quaedam
265 2917 400 2976 vitiorum
423 2917 582 2976 elementa:
604 2914 649 2974 bis
671 2915 802 2992 protinus
826 2912 895 2973 illos

13 2994 111 3056 imbuit
134 3007 164 3057 et
189 3002 269 3076 cogit
291 3003 421 3060 minimas
444 3001 577 3060 ediscere
600 2998 715 3074 sordes,

13 3079 76 3139 llox
99 3080 270 3159 adquirendi
295 3085 383 3144 docet
405 3082 568 3144 insatiabile
591 3093 699 3142 votum.
947 3088 996 3140 125

15 3165 169 3224 Servorum
190 3176 308 3226 ventres
329 3169 428 3228 modio
452 3169 575 3243 castigat
596 3168 705 3245 iniquo,

14 3246 75 3325 lpse
97 3267 217 3328 quoque
235 3253 381 3319 esuriens;
401 3268 497 3328 neque
521 3251 594 3309 enim
615 3252 708 3309 omnia
726 3248 848 3308 sustinet
865 3262 995 3324 umquam

16 3329 122 3392 blucida
145 3333 274 3393 caerulei
295 3337 379 3413 panis
404 3352 574 3394 consumere
599 3335 701 3410 frusta,

16 3413 183 3476 Hesternum
206 3419 309 3477 solitus
333 3419 428 3478 medio
450 3435 570 3478 seruare
592 3417 708 3477 minutal

16 3499 193 3578 Septembri,
218 3519 355 3561 necnon
381 3502 498 3562 differre
521 3503 701 3580 intempore
726 3517 838 3562 coenae
945 3505 996 3559 130
