2444 3984
433 287 642 337 PRAEFATIO.
1004 295 1029 344 V

38 435 136 506 positos
146 434 172 489 in
182 434 250 490 novis
262 434 361 489 demum
371 436 479 506 scriptis,
492 437 578 506 quibus
589 451 631 492 eos
644 443 716 508 poeta
725 437 868 504 iniersisset,
882 439 911 496 ab
924 440 1027 511 imperu-

38 529 97 573 tore
107 518 133 573 in
143 520 180 574 sui
190 517 306 589 temporis
318 519 467 575 notationem
483 527 595 591 acceptos
613 521 775 587 essevoluut,
794 523 824 578 de
835 523 934 580 Traiano
946 525 1027 595 potius

38 603 168 674 cogitasse
184 602 308 668 videntur,
327 617 399 674 quem
417 604 530 676 Pyladem
547 605 685 661 saltatorem
702 607 727 660 iu
744 606 835 663 deliciis
851 607 962 664 habuisse
980 608 1026 664 Dio

38 686 111 742 Cass
123 685 228 742 LXVlll.
241 692 276 743 10
286 693 375 743 narrat.
407 689 496 744 Verum
512 691 576 744 enim
594 706 651 745 vero
669 705 747 762 neque
764 692 842 747 isinit
852 692 973 761 Traianus,
985 691 1027 764 qui

37 770 166 825 histrionis
184 771 259 826 favori
277 773 440 843 praefecturas
457 780 481 830 et
498 773 634 830 tribunatus
658 773 809 847 indulgeret,
826 791 903 848 neque
917 777 963 832 sub
978 775 1025 832 hoe

38 855 182 909 Iuvenalem
193 854 281 910 obiisse
294 863 388 912 certum
398 864 451 921 est;
462 858 526 930 quod
538 858 579 912 ubi
589 859 664 913 semel
675 859 705 913 ab
712 859 823 916 Hadriani
834 861 934 931 imperio
946 875 1022 916 remo·

37 939 92 1020 veri
110 945 197 1008 poetae
214 939 312 994 exilium
328 956 428 996 necesse
445 949 496 1007 est,
514 942 572 997 nihil
584 949 624 998 ant
634 942 766 1013 simplicius
779 950 820 1000 aut
837 945 912 999 tutius
923 944 1026 1009 videtur,

39 1037 115 1094 qnam
126 1028 154 1076 ut
164 1023 281 1094 plurimos
294 1032 404 1081 auctores
415 1025 493 1081 secuti
504 1026 533 1081 ad
544 1023 708 1082 Domitianum
718 1027 851 1093 redeamus,
863 1041 935 1099 quem
945 1034 970 1082 et
981 1026 1026 1081 Pa·

38 1106 119 1161 sidem
136 1105 222 1160 ulcisci
239 1108 343 1162 maxime
360 1116 548 1165 consentaneum
566 1116 652 1165 enatet
669 1111 728 1166 illud
738 1112 836 1167 ultionis
847 1126 938 1184 genus,
960 1110 1026 1182 quod

38 1197 112 1260 poeta
126 1196 241 1260 expertus
251 1198 295 1256 est,
307 1193 475 1266 multomagis
487 1209 560 1265 qnam
571 1193 697 1249 Traianum
707 1194 801 1258 decuit;
813 1196 888 1251 immo
898 1194 961 1249 haud
974 1195 1025 1250 scio

41 1291 71 1329 an
82 1274 137 1344 ipse
148 1273 263 1330 Traianus
279 1276 357 1347 primo
368 1291 412 1348 per
429 1292 534 1332 errorem
550 1277 575 1332 iu
591 1278 742 1334 librariorum
759 1295 845 1335 manns
860 1279 965 1344 venerit,
984 1279 1025 1351 qui

40 1357 142 1430 tproetm'
153 1359 350 1429 appellationem,
363 1376 410 1432 qna
419 1377 482 1416 unrrs
492 1376 576 1416 eorum
586 1377 645 1417 usus
655 1369 704 1427 est,
717 1379 730 1418 a
741 1362 878 1420 Domitiano
890 1362 920 1419 ad
931 1362 1025 1419 Traiani

41 1457 131 1499 nomen
143 1442 321 1514 detorquerent.
352 1444 424 1517 Atqui
435 1445 584 1501 Domitianus
599 1446 619 1500 si
630 1446 765 1502 Iuvenalem
781 1462 884 1520 peregre
894 1445 1024 1517 ablegavit,

42 1528 106 1581 ultro
119 1526 240 1597 sequitur,
260 1533 286 1582 nt
298 1529 359 1584 mori
369 1528 410 1583 hic
426 1529 451 1584 in
462 1529 533 1585 exilio
551 1545 599 1584 non
610 1531 729 1600 potuerim
749 1531 837 1602 quippe
851 1539 876 1586 et
885 1529 1024 1601 posterioris

42 1610 129 1665 aetatis
139 1624 177 1663 res
187 1617 308 1681 tamquam
327 1613 437 1668 oculatus
447 1615 516 1668 testis
531 1613 605 1668 relert
622 1619 646 1668 et
657 1614 720 1684 ipsas
730 1614 828 1681 satiras,
845 1629 945 1686 quarum
957 1627 1023 1668 com·

41 1694 125 1765 pluras
135 1707 232 1748 scenam
241 1692 334 1750 Romae
349 1696 451 1761 babent,
469 1704 525 1768 post
535 1696 666 1752 Domitiani
682 1698 780 1754 demum
795 1705 898 1753 mortem
912 1697 1024 1768 scripsit;

40 1785 166 1850 postremo
180 1777 318 1850 plerosque,
332 1796 393 1851 quos
403 1780 553 1836 Domitianus
564 1780 651 1837 iniuste
661 1783 778 1848 eiecisset,
792 1783 873 1839 oociso
884 1782 934 1846 illo,
948 1796 1023 1853 quum

41 1863 123 1918 omuia
134 1875 196 1933 quae
206 1867 321 1918 statuerat
333 1864 357 1918 iu
368 1864 460 1919 irritum
471 1865 620 1930 ducerentur,
633 1865 663 1919 de
674 1865 744 1921 exilio
757 1867 855 1921 rediisse
864 1865 1022 1937 Hieronymus

43 1947 72 2002 ad
83 1945 173 2001 Euseb.
184 1944 321 2005 chronol.
333 1951 385 2006 219
394 1954 510 2013 testatam
521 1949 606 2020 quibus
617 1949 662 2004 etsi
673 1965 736 2005 riuus
749 1949 877 2005 scholiasta
887 1949 1023 2006 quenalem

43 2031 133 2085 diserte
143 2031 234 2096 eximit,
246 2031 306 2086 alius
317 2047 365 2086 non
376 2033 455 2088 minus
466 2032 529 2087 clare
538 2031 640 2087 eundem
646 2031 749 2088 Romam
759 2048 881 2089 retusum
890 2032 1025 2088 Martialem

43 2129 115 2170 sunm
126 2113 272 2171 desiderasse
286 2121 380 2184 narrat,
403 2116 443 2188 qni
459 2122 586 2187 postquam
600 2114 646 2170 snb
663 2115 755 2172 Neruae
772 2115 901 2187 primordia
916 2115 1025 2171 Bilbilim

43 2199 145 2269 patriam
160 2200 269 2269 repetiit,
291 2199 348 2254 inde
363 2198 449 2272 Epigr.
464 2199 516 2257 xli
536 2201 569 2255 18
585 2199 720 2254 Iuvenalem
736 2207 860 2272 tamquam
875 2199 978 2256 muoso
996 2198 1024 2254 ia

44 2281 139 2337 &duro
153 2290 269 2338 mentm
280 2284 403 2351 salutauit,
418 2299 523 2356 moxque
534 2283 595 2338 intra
605 2284 695 2354 primos
706 2284 800 2340 Traiani
814 2300 889 2340 annos
900 2284 989 2340 ibidem
1000 2282 1026 2337 in

44 2367 155 2437 llispauia
164 2367 281 2433 decessit;
293 2368 324 2423 ci.
331 2367 478 2438 hrtpp.Plin.
488 2365 612 2439 Epistlll.
623 2373 671 2431 tta
683 2367 755 2424 buius
766 2369 841 2441 igitur
851 2368 1024 2434 testimoninm,

44 2451 106 2522 quod
118 2449 231 2506 Martialis
242 2452 370 2508 auctoritas
383 2451 515 2518 confirmat,
528 2451 630 2522 amplexi
641 2452 670 2507 ab
682 2453 756 2508 altero
767 2453 826 2509 illud
839 2451 912 2508 modo
923 2451 1026 2521 aecipie-

45 2551 109 2599 mus,
128 2533 153 2590 iu
171 2549 219 2606 quo
235 2541 337 2608 uterque
353 2536 486 2605 consentit,
507 2542 562 2591 aute
572 2552 646 2592 aneos
654 2536 794 2610 pompas,
810 2535 859 2591 hoc
875 2543 912 2591 est
921 2535 1025 2591 Nemam

46 2627 70 2673 ot
83 2619 224 2683 Traianum,
235 2625 333 2690 poetam
343 2619 478 2692 relegatum
489 2635 556 2682 esse;
568 2619 652 2675 mortis
662 2627 773 2690 tempus,
785 2635 857 2691 quam
868 2619 943 2674 redux
955 2617 1023 2682 obiit,

46 2717 119 2775 quum
129 2702 173 2758 stab
185 2703 285 2758 Traiano
302 2703 360 2774 poni
370 2711 485 2776 nequeat,
503 2709 584 2759 ntmm
602 2703 632 2758 ad
645 2703 756 2758 Hadriani
769 2719 798 2758 an
815 2702 878 2773 quod
895 2701 936 2756 ille
952 2699 1026 2755 tradit

47 2787 76 2841 ad
87 2786 197 2841 Antonini
208 2786 243 2842 Pii
256 2787 382 2857 imperium
392 2789 522 2858 pertineat,
530 2788 554 2842 in
566 2787 679 2857 ambiguo
689 2786 858 2857 relinquemus.

130 2869 251 2935 Quantum
268 2871 344 2942 igitur
354 2871 378 2926 in
390 2873 462 2927 tantis
478 2870 582 2926 tenebris
594 2869 661 2942 quasi
673 2884 715 2938 per
725 2875 877 2923 transennam
889 2867 1025 2936 aspicienti-

46 2957 89 3010 bus
101 2955 240 3010 conieetura
251 2955 345 3026 assequi
355 2956 426 3021 licet,
445 2955 595 3010 Domitianus
604 2953 740 3009 iuvenalem
750 2951 796 3007 snb
807 2950 908 3005 honesta
925 2950 1025 3006 militiae

46 3040 124 3110 specie
134 3039 233 3094 exulare
249 3039 331 3105 iussit,
351 3039 402 3095 sive
412 3040 466 3095 uiuo
476 3038 573 3103 Paride,
591 3051 663 3108 quem
674 3042 755 3091 tamen
765 3035 845 3106 ipsum
860 3035 909 3088 iam
920 3049 941 3090 a.
952 3037 986 3092 82
997 3049 1025 3105 p.

46 3123 102 3179 Ciu.
123 3122 234 3178 adulterii
252 3123 352 3179 maxume
367 3125 467 3194 periisse
482 3121 554 3178 tradit
570 3120 616 3175 [lio
632 3119 698 3176 Cass.
712 3119 805 3176 txvlt.
817 3121 843 3187 3,
855 3119 906 3174 sive
917 3125 1023 3186 mortuo,

48 3208 100 3278 qnia
111 3207 175 3262 illius
187 3207 283 3262 nomine
301 3222 328 3263 se
346 3208 424 3263 notari
436 3205 586 3262 [tomitianus
596 3204 770 3274 suspicaretnr;
786 3202 835 3258 hoc
850 3209 931 3259 autem
946 3202 1026 3273 posito

47 3293 66 3346 si
77 3291 171 3346 deloco
182 3291 246 3345 exilii
257 3292 407 3362 quaerimus,
420 3291 460 3346 vix
474 3289 643 3362 intelligimus,
656 3288 777 3359 quomodo
791 3292 829 3342 tot
839 3286 950 3344 honines
961 3287 1027 3342 docti

47 3375 118 3429 etiam
136 3389 202 3429 nunc
212 3376 350 3447 Aegyptum
367 3374 447 3430 Scotis
468 3375 504 3429 vel
516 3381 543 3430 ut
553 3388 583 3428 ex
594 3373 663 3427 istius
675 3373 760 3428 aetatis
775 3387 822 3428 usu
838 3373 929 3428 rectius
940 3371 1027 3427 dicitur

49 3458 190 3513 Caledoniae
202 3460 321 3529 praeieme
339 3461 486 3523 sustineant,
502 3472 573 3529 qnam
584 3457 632 3511 iam
643 3457 667 3511 iu
678 3456 719 3512 illo
730 3456 855 3528 prooemio
867 3455 978 3512 omnibus
989 3471 1028 3510 ra·

50 3540 152 3596 tionibus
161 3542 287 3598 subductis
302 3544 381 3600 multo
397 3543 479 3614 plnres
494 3540 668 3612 probabilitatis
683 3556 797 3596 numeros
814 3539 903 3596 babere
921 3537 1027 3594 ostendi·

51 3637 109 3684 mus.
131 3624 200 3682 ltitto
214 3626 365 3697 Tendebam,
376 3627 417 3701 qui
428 3625 452 3682 in
463 3624 492 3681 N.
499 3624 582 3682 duual.
595 3625 664 3683 1845
676 3623 703 3681 Τ.
715 3624 800 3694 libili,
810 3639 835 3696 p.
849 3626 900 3680 109
912 3636 955 3692 pro
968 3619 1028 3674 Tra·
