2438 3994
197 245 238 308 88
523 257 559 307 n.
575 257 647 306 ron.
664 257 850 307 uuvnuams

196 398 278 458 llaec
298 405 386 476 quota
408 415 476 475 pars
499 395 661 471 scelerum,
685 413 759 474 quae
779 405 879 455 custos
900 395 1028 457 Gallicus
1050 398 1130 458 urbis

197 481 297 559 Usque
319 498 335 542 a
355 480 498 556 lucifero,
523 480 617 540 donec
639 479 689 538 lux
711 479 842 553 occidat,
866 477 964 540 audit?

196 565 317 624 Humani
338 565 457 643 generis
480 580 577 623 mores
600 563 652 623 tibi
674 578 762 622 nosse
786 562 895 622 volenti

197 648 311 708 Sufficit
331 666 388 708 una
410 647 527 715 domum
551 663 661 725 pancos
685 663 822 706 consume
845 646 924 723 (lies,
952 657 982 706 et

196 733 306 793 Dicere
331 740 360 792 te
383 733 535 807 miserum,
561 739 713 810 postquam
735 730 813 790 illinc
834 733 969 806 veneris,
996 730 1081 791 aude.

198 815 268 889 Quis
291 816 426 876 tumidum
449 823 546 893 guttur
567 815 683 874 miratur
703 815 731 873 in
753 811 899 893 Alpibus?
921 825 969 874 aut
994 817 1058 892 quis

196 899 229 959 In
252 897 353 959 Neroe
380 915 481 960 crasso
504 899 641 957 maiorem
663 899 771 958 infante
796 895 970 958 mamillam?

197 980 322 1044 Gaerula
346 985 410 1062 quis
433 983 541 1061 stupuit
563 981 696 1042 Germani
719 982 841 1057 lumina,
864 981 967 1041 llauam

198 1065 366 1127 Caesariem
389 1075 418 1124 et
437 1065 551 1126 madido
573 1074 755 1143 torquentem
778 1082 885 1125 cornua
908 1067 1009 1128 cirre?
1138 1078 1189 1130 165

195 1149 309 1228 Nempe
332 1149 410 1228 quod
432 1149 505 1210 haec
529 1148 587 1209 illis
609 1157 708 1209 natura
731 1157 777 1210 est
800 1148 930 1209 omnibus
952 1168 1017 1210 una.

197 1232 244 1292 nd
265 1231 375 1294 subitas
397 1231 539 1294 Thracum
560 1232 698 1293 volucres
720 1232 883 1311 nubemque
907 1249 1042 1296 sonoram

197 1317 359 1393 Pygmaeus
381 1319 478 1395 paruis
502 1317 590 1378 currit
612 1316 739 1378 bellator
761 1318 788 1375 in
812 1319 908 1392 armis,

195 1399 265 1466 Non
288 1401 379 1480 impar
401 1400 478 1460 hosti
498 1409 656 1480 raptusque
681 1419 736 1480 per
756 1419 826 1460 aera
850 1402 946 1460 curvis

196 1482 346 1560 Unguibus
366 1503 384 1546 a
407 1503 495 1545 saeua
517 1486 609 1545 fertur
628 1503 717 1563 grue:
743 1486 768 1543 si
790 1483 891 1544 uideas
914 1483 971 1544 hoc
1136 1499 1188 1552 170

198 1566 336 1628 Gentibus
361 1569 390 1628 in
411 1570 535 1644 nostris,
560 1571 619 1628 risu
641 1570 785 1647 quatiare;
810 1569 864 1628 secl
887 1567 957 1643 illic,
1215 1569 1216 1574 ’

198 1649 375 1730 Quamquam
397 1652 498 1713 cadem
521 1652 638 1713 assidue
660 1661 830 1732 spectentur
852 1651 982 1730 proelia,
1006 1654 1081 1715 ridel

197 1732 305 1808 Nemo,
328 1734 377 1795 uhi
400 1744 459 1796 tota
481 1735 588 1796 cohors
613 1737 689 1814 pede
711 1744 835 1795 nonest
857 1735 942 1795 altior
964 1753 1030 1796 uno.

239 1815 365 1879 Nullane
389 1820 499 1897 periuri
521 1820 625 1898 capitis
645 1820 813 1898 fraudisque
836 1819 978 1880 nefandae

197 1902 294 1962 Poena
316 1899 392 1962 erit?
405 1937 448 1951 -·
465 1904 627 1982 Abreptum
650 1904 737 1964 crede
760 1904 836 1964 hunc
853 1905 990 1982 grauiore
1011 1913 1114 1964 catena
1134 1913 1187 1968 175
1216 1909 1217 1914 ’

197 1984 330 2046 Protinus
354 1996 383 2046 et
405 1996 505 2048 nostro
529 1987 612 2068 (quid
638 1988 703 2067 plus
726 1987 797 2047 velit
820 1984 900 2066 irai)
924 1989 1023 2047 necari

197 2069 342 2139 Arbitrio;
365 2081 461 2131 manet
486 2071 534 2132 illa
557 2080 653 2132 tamen
670 2073 794 2146 iactura,
818 2087 874 2129 neo
893 2088 1024 2150 umquam

196 2154 369 2230 Depositum
390 2154 441 2215 tibi
463 2172 569 2234 sospes
592 2157 661 2230 erit,
687 2155 740 2216 sed
766 2171 892 2233 corpore
914 2164 1015 2215 trunco

197 2234 342 2298 invidiosa
364 2237 442 2299 dabit
465 2241 594 2298 minimus
617 2239 721 2298 solatia
744 2239 926 2314 sanguis.-

197 2319 236 2379 At
255 2321 381 2381 vindicta
404 2320 509 2381 bonum
529 2323 588 2381 vita
610 2323 761 2382 iucundius
783 2323 856 2398 ipsa.
884 2357 926 2370 -
1133 2331 1187 2385 180

197 2401 311 2482 Nempe
334 2403 392 2464 hoc
413 2404 539 2481 indocti,
564 2421 684 2483 quorum
707 2405 879 2481 praecordia
903 2404 989 2464 nullis

198 2486 342 2547 lnterdum
363 2495 411 2546 aut
433 2486 547 2547 levibus
569 2487 669 2548 uideas
691 2487 841 2565 llagrantia
867 2490 976 2550 causis:

199 2570 466 2649 Quantulacumque
489 2571 564 2632 adeo
588 2582 632 2632 est
654 2575 790 2647 occasio,
815 2572 922 2633 suflicit
945 2574 1015 2632 irae.

200 2650 379 2733 Chrysippus
401 2671 459 2715 non
481 2655 560 2717 (licet
583 2657 659 2717 idem
681 2661 736 2716 n‘ec
757 2659 826 2717 mite
849 2656 978 2717 Thaletis

197 2735 345 2815 Ingenium
370 2738 505 2818 dulcique
528 2759 620 2801 senex
642 2740 753 2800 uicinus
771 2740 918 2816 Hymetto,
1136 2751 1186 2804 185

199 2820 255 2895 Qui
279 2831 390 2901 partem
415 2833 557 2902 acceptae
580 2842 668 2885 sueva
689 2825 764 2884 inter
787 2824 882 2884 vincla
905 2825 1017 2883 cicutae

197 2905 372 2967 Accusatori
396 2908 487 2968 nollet
510 2908 589 2970 dare.
635 2908 757 2968 Plurima
780 2908 853 2968 ielix

197 2989 336 3050 Paulatim
358 2992 427 3050 uitia
450 3001 536 3069 atque
559 3010 676 3052 errores
700 2993 778 3052 exuit
801 3009 913 3066 omnes,

197 3073 290 3132 Prima
313 3073 401 3134 docet
425 3085 537 3134 rectum
558 3077 712 3155 sapientiae
738 3078 846 3155 quippe
870 3075 967 3135 minuti

198 3156 323 3234 Semper
345 3168 374 3217 et
395 3158 496 3218 inlirmi
521 3169 566 3218 est
591 3160 675 3220 animi
700 3160 855 3237 exiguique
879 3159 1014 3236 voluptas
1135 3164 1185 3218 190

199 3238 291 3300 Ultio:
316 3242 450 3301 continuo
474 3243 518 3302 sic
539 3242 665 3319 collige,
689 3243 767 3320 quotl
790 3243 916 3306 vindicta

197 3319 289 3382 Nemo
312 3326 404 3402 magis
426 3325 552 3403 gaudet,
574 3344 659 3404 quam
681 3325 796 3386 femina.
842 3322 901 3385 Cur
922 3334 1018 3386 tamen
1040 3324 1096 3386 lnos
1119 3332 1148 3383 tu

199 3404 337 3467 ll‘vnsisse
360 3417 461 3486 putes,
485 3424 558 3486 quos
583 3408 637 3467 diri
663 3409 781 3469 conscia
803 3409 873 3469 lacti

197 3487 280 3548 liena
303 3490 391 3550 habet
413 3491 550 3550 attonitos
572 3488 602 3550 et
622 3491 709 3551 surdo
731 3491 858 3551 verbere
882 3491 978 3552 caedit
