2444 3984
183 205 245 253 VIII
569 206 777 254 PRAEFATIO.

179 350 215 406 ris
225 348 428 419 locupletissimus
438 355 523 406 auctor
532 352 590 406 salis
601 352 676 418 cavit,
689 358 717 406 ut
727 351 824 406 exilium
835 357 921 421 poetae
931 366 945 405 a
955 352 1040 407 mortis
1050 359 1164 424 tempore

178 433 349 505 seiungamus;
366 449 438 505 quem
454 434 518 506 quod
535 434 575 490 illc
590 436 672 490 statim
682 442 738 504 post
749 441 861 505 acceptos
876 435 1000 491 codicillos
1010 435 1090 491 animo
1102 453 1163 493 con·

178 521 311 574 stornatum
322 532 353 572 ex
363 518 513 590 aegritudine
523 517 611 573 obisse
622 520 707 580 iactat.
725 533 756 572 ne
768 519 789 572 si
799 518 926 573 Traianum
937 520 1034 591 quidem
1044 521 1162 575 retinere·

178 617 249 669 mus,
261 601 317 656 lerri
329 609 424 672 posset,
440 602 496 673 quia
506 601 641 657 Iuvenalem
657 602 687 657 ad
698 601 842 658 Hadrianum
858 618 934 673 usquc
950 604 1038 658 ciuisse
1054 612 1159 672 constat,

179 685 268 741 nedum
281 686 302 740 si
312 685 488 750 domitianum,
506 701 554 757 quo
570 693 666 741 mortno
681 687 706 740 in
717 686 817 756 patriam
836 700 958 741 reversum
975 703 1029 742 esse
1043 689 1081 743 vel
1098 689 1161 758 lapis

179 769 220 825 ille
236 770 329 840 arguit:
351 770 416 840 atqui
433 783 463 823 ne
474 769 522 824 hoc
537 771 633 840 quidem
651 784 735 825 omnes
751 770 910 824 communiter
926 771 1034 838 tradunt,
1052 773 1095 827 sed
1114 773 1161 838 etsi

178 858 272 908 mature
292 853 354 923 apud
368 854 540 924 grammaticos
556 867 583 908 ea
600 854 681 924 opinio
702 853 829 908 iuvaluisse
845 853 952 922 videtur,
974 862 1002 909 ut
1020 855 1092 910 exilio
1110 871 1160 910 non

178 937 220 992 diu
235 943 357 1006 superstes
374 936 446 991 luisse
456 937 606 1002 crederetur,
624 952 687 992 unns
703 944 783 992 tamen
793 937 873 1006 ipsum
884 937 982 992 exilium
994 954 1007 992 a
1019 937 1160 994 Domitiano

178 1021 207 1075 ad
218 1019 365 1074 Antoninum
374 1033 450 1090 usque
463 1021 600 1086 continuat,
620 1021 680 1075 alter
694 1021 731 1075 rel
749 1027 923 1090 praematuram
933 1028 1037 1075 mortem
1052 1038 1107 1076 cum
1119 1038 1159 1076 re

177 1103 229 1158 ditn
245 1101 275 1156 ab
292 1102 364 1157 exilio
374 1102 468 1175 lungit3
486 1118 532 1175 qua
548 1105 573 1158 in
589 1104 731 1159 confusione
746 1105 805 1159 nihil
821 1103 891 1159 nobis
901 1104 1052 1175 relinquitur,
1071 1106 1117 1159 nisi
1129 1113 1157 1158 ut

176 1192 291 1241 morteet
307 1186 379 1241 exilio
389 1201 487 1256 prorsus
497 1189 560 1243 inter
569 1203 597 1243 sc
605 1189 731 1258 disparatis
748 1189 778 1244 de
788 1194 890 1259 unoque
901 1187 925 1242 id
935 1202 1077 1259 sequamur,
1090 1189 1156 1260 quod

178 1277 218 1324 aut
229 1277 370 1342 argumenta
387 1286 418 1325 ex
433 1270 512 1326 sobria
529 1273 627 1327 testium
643 1272 819 1328 existimatione
835 1271 935 1342 repetita
959 1278 1001 1325 aut
1018 1279 1155 1342 temporum

177 1360 248 1408 nome
258 1354 317 1425 ipsIs
328 1359 414 1425 poetae
424 1356 502 1411 satiris
513 1355 642 1427 impressae
651 1357 828 1412 commendent.

261 1439 326 1493 llaec
336 1446 415 1494 autem
433 1454 462 1494 co
473 1441 553 1511 potius
563 1456 607 1496 nos
619 1441 769 1506 conducunt,
787 1448 814 1496 ut
825 1455 908 1496 omnes
919 1456 978 1511 quas
987 1439 1103 1494 habemus
1116 1455 1154 1494 sa·

176 1523 234 1578 tiras
243 1528 299 1594 post
309 1522 407 1578 exilium
419 1523 516 1580 demum
531 1525 682 1596 reditumque
699 1540 730 1579 ex
741 1525 861 1580 Britannia
878 1524 979 1594 scriptas
998 1538 1051 1578 ease
1062 1530 1154 1580 certum

176 1607 216 1663 eit.
247 1606 308 1661 Nam
318 1607 459 1662 admon
472 1609 524 1678 fere
540 1617 637 1664 nectere
652 1623 770 1663 consensu
781 1609 878 1662 testium
893 1608 1042 1670 mutauit,
1060 1607 1108 1661 hoc
1118 1616 1154 1662 est

176 1690 384 1745 exercitationibus
395 1697 420 1744 et
431 1692 629 1746 ostentationibus
640 1691 764 1746 rhetoricis
777 1705 874 1761 operam
890 1691 969 1758 dedit,
986 1689 1062 1745 onum
1076 1691 1153 1760 mepta

175 1789 254 1837 cotun
263 1773 402 1846 punnpued
410 1773 503 1829 rdmtm
513 1791 539 1828 ee
548 1782 590 1830 aaa
597 1773 651 1846 soro
654 1782 818 1846 praepararet,
830 1774 889 1829 satis
896 1775 1009 1829 nimirum
1016 1774 1149 1839 commode

175 1862 203 1912 ut
211 1856 284 1912 iidem
294 1857 445 1928 grammatici
456 1864 590 1922 testamur,
608 1873 658 1912 are
670 1859 778 1914 familiari
789 1859 946 1922 constitutus,
959 1859 1038 1930 utqui
1049 1857 1151 1912 lde—dm

175 1939 296 2012 kemkta‘c
306 1940 493 2012 incomptiore
502 1959 536 1998 nrt
546 1943 654 1998 alumnus
668 1943 702 1997 ed
713 1943 827 2016 equestria
845 1941 939 1996 crdiot‘e
949 1942 1088 2014 &pedulem
1093 1958 1151 2012 per·

174 2025 292 2088 vermem
313 2039 361 2095 quo
381 2027 497 2096 temporis
513 2028 590 2097 spatio
608 2027 680 2081 otiam
696 2041 752 2081 cum
768 2026 875 2082 Martiale
889 2025 1072 2082 familiaritatem
1087 2025 1152 2080 illam

175 2108 263 2172 unns,
283 2109 351 2162 cuius
368 2108 408 2162 liic
425 2109 582 2166 honorificum
600 2118 625 2166 et
642 2125 717 2180 paene
735 2109 836 2165 dixerim
851 2109 952 2165 nimium
968 2116 1152 2165 monumentum

174 2191 258 2262 Epigr.
270 2191 319 2245 Vll.
331 2193 366 2246 24
376 2191 486 2263 reliquit3
503 2208 581 2264 neque
591 2194 675 2248 amicis
691 2200 756 2247 certe
765 2194 926 2263 eloquentiam
937 2195 988 2248 eius
1004 2193 1151 2263 displicuisse

172 2274 273 2346 fouendi
283 2273 410 2342 appellatio
427 2276 487 2344 apud
500 2276 603 2330 eundem
619 2274 668 2330 vll.
680 2276 845 2337 andaclanam
866 2292 896 2330 ex
906 2276 991 2332 eadem
1003 2283 1083 2332 autem
1094 2292 1151 2331 con·

173 2355 433 2412 suetudiuohaudscio
450 2372 480 2412 an
490 2359 594 2428 primum
611 2359 679 2414 illum
690 2367 804 2413 conatum
820 2358 943 2428 poeticum
952 2367 1061 2430 repetere
1072 2361 1149 2426 liceat,

173 2454 245 2512 quem
255 2454 329 2510 quum
339 2441 402 2494 vitae
413 2442 758 2512 scriptorespuruemsute'rom
768 2443 902 2512 appellent,
921 2437 1150 2515 equidem'superius

173 2524 203 2580 ad
213 2523 436 2596 epigrammaticum
448 2539 527 2597 genus
536 2540 650 2581 revocare
659 2526 741 2582 mdui
752 2527 846 2597 dliqnid
857 2527 1018 2598 utIqueetiam
1031 2528 1150 2599 epigram-

173 2608 231 2664 mati
250 2623 306 2664 cum
317 2609 389 2663 satim
407 2624 536 2665 commune
552 2617 600 2675 cst,
619 2625 665 2666 nec
681 2610 745 2681 quod
759 2609 872 2666 Martialis
882 2610 913 2668 lt
925 2613 960 2668 33
971 2613 1021 2667 suis
1031 2612 1149 2684 epigram-

172 2693 243 2748 matis
253 2693 403 2770 propositum
415 2709 468 2749 csse
478 2701 563 2760 iactat,
572 2712 673 2768 peccem
678 2711 798 2767 pernotus,
811 2695 890 2751 dicere
899 2695 929 2751 de
938 2696 1012 2760 odiis,
1024 2695 1148 2750 satirarum

172 2777 275 2848 scriptor
285 2791 299 2830 a
309 2791 337 2832 se
355 2779 457 2835 alienum
473 2779 578 2850 putabit:
594 2781 647 2851 ipso
662 2787 742 2835 umen
759 2794 849 2852 genere
865 2779 928 2835 aliud
944 2787 982 2834 est
992 2781 1146 2850 epigramma,

172 2861 236 2934 quod
246 2877 277 2917 nc
293 2862 350 2918 uitia
360 2865 456 2934 quidem
467 2864 536 2919 aliter
546 2879 575 2919 ac
584 2865 669 2921 ludens
679 2864 771 2934 tangit,
792 2863 855 2924 aliud
865 2864 948 2926 satira¹
968 2876 1029 2933 quae
1039 2861 1082 2916 ubi
1092 2864 1147 2918 uitia

171 2946 317 3016 insequitur,
335 2961 365 3001 ne
375 2962 488 3018 personas
499 2947 595 3018 quidem
606 2948 707 3002 intactas
718 2946 850 3016 relinquere
858 2951 952 3014 potest:
968 2960 1039 3015 quam
1050 2945 1080 2999 ad
1092 2962 1146 3000 nor-

171 3042 236 3081 mam
251 3029 272 3081 si
287 3029 419 3085 versiculos
430 3029 484 3084 illos
499 3045 542 3099 per
552 3044 580 3083 se
588 3030 654 3084 solos
670 3029 803 3099 exigimus.
814 3027 878 3081 haud
889 3026 939 3081 scio
951 3042 980 3082 an
991 3027 1057 3082 lusus
1068 3030 1146 3099 potius

170 3124 243 3181 quam
259 3110 381 3164 censoriae
391 3112 516 3182 gravitatis
526 3117 609 3166 notam
620 3118 721 3182 gerant;
733 3124 780 3165 nec
789 3110 853 3181 quod
865 3109 962 3165 eosdem
972 3112 1057 3167 maiori
1068 3120 1145 3182 poste

170 3193 221 3248 n'us
231 3193 317 3248 satirae
328 3192 446 3249 Iuvenalis
456 3194 568 3259 Inseruit,
586 3193 914 3266 epigrammaticamillomm
925 3195 1030 3250 indolem
1048 3197 1144 3260 minorita
1218 3201 1219 3206 ’

171 3277 245 3331 immo
262 3283 378 3346 quantum
388 3278 498 3349 equidem
513 3279 641 3346 sentio‚in
658 3278 710 3332 aliis
728 3293 824 3350 quoquc
840 3278 967 3334 sacrarum
979 3280 1029 3335 eius
1039 3282 1144 3350 partibus

170 3359 251 3414 lusum
261 3364 286 3413 et
296 3358 487 3430 indignationem
501 3368 551 3416 tam
563 3377 636 3434 aegre
652 3362 786 3427 discernas,
804 3369 833 3417 ut
852 3363 971 3419 interdum
986 3365 1142 3434 epigramma·

170 3445 223 3494 tum
233 3441 313 3511 potius
331 3443 417 3498 seriem
429 3443 483 3499 laxa
498 3448 670 3502 sententiarum
681 3447 838 3502 continuitate
855 3447 961 3502 iunctam
975 3448 1057 3520 legere
1068 3445 1143 3501 videa·

167 3522 217 3586 risa
236 3523 300 3596 quod
310 3524 351 3579 ubi
362 3526 391 3582 ad
407 3535 512 3584 veterem
523 3530 652 3586 iuventutis
663 3531 861 3587 consuetudInem
876 3546 978 3601 revoco,
996 3529 1144 3586 hoctantum
