2444 3984
194 225 217 266 X
581 220 789 268 PRAEFATIO.

190 370 250 426 ralis
259 369 365 439 priuatae
375 367 547 439 indignationis
561 381 647 421 vocem
660 380 717 419 cnm
733 366 829 435 pubhoa
845 366 982 420 communis
999 366 1181 436 depravationis

189 451 359 510 testificatione
370 450 472 506 lelloiter
482 451 607 505 coniunxit
621 464 762 519 summaque
774 447 924 505 fremebundi
935 449 984 504 oris
995 449 1108 504 libertate
1121 466 1180 506 cnm

190 537 351 609 praesentium
366 535 493 590 hominum
509 533 640 589 reverentia
657 532 786 602 prudenter
803 533 879 586 mixta
895 539 920 587 et
932 533 978 588 sibi
998 539 1023 587 et
1039 534 1133 605 populo
1146 535 1179 589 ita

188 623 247 678 satis
257 621 327 688 iecit,
340 628 366 674 ut
378 619 420 694 qui
429 619 487 674 bete
498 618 540 675 dio
551 635 581 672 ae
591 616 686 671 modico
695 615 788 689 qrtt‘dem
799 616 918 672 modario
928 617 1058 690 φιίᾱᾳυαιιι
1069 618 1179 673 comma.

189 713 238 762 tere
248 721 325 760 nosos
341 710 414 767 esset,
432 719 488 756 moa
504 717 594 774 mogon
611 699 747 774 frequentia
763 707 786 755 et
802 701 1060 758 accommodetur.
1090 701 1180 773 Neque

191 799 270 845 tamen
286 790 338 858 ipse
347 787 396 842 hoc
411 787 437 841 in
447 799 562 840 successu
578 784 696 856 acquievit
712 798 797 855 neque,
808 784 867 839 dum
877 784 968 840 alienos
984 799 1065 840 mores
1076 786 1178 854 carpsit,
1220 787 1221 844 l

191 890 238 930 suo
251 879 345 927 tantum
353 871 452 942 ingenio
463 869 568 932 indulsit,
580 869 621 923 sed
633 873 761 938 postquam
771 869 794 922 in
804 868 924 938 prioribus
934 883 1021 924 nouem
1030 868 1111 922 satiris
1122 869 1178 938 phi·
1220 885 1221 888 ¹

192 956 318 1026 Iosophiae
327 955 368 1009 vix
378 954 452 1009 ullam
462 959 504 1008 aut
515 952 625 1008 notitiam
635 958 677 1007 aut
686 959 823 1023 respectum
832 952 950 1023 prodidit,
962 953 1008 1006 soli
1018 952 1137 1022 deniqne,
1150 960 1179 1005 ut

188 1041 224 1096 ita
236 1041 327 1102 dicam,
345 1043 458 1092 externae
474 1037 568 1092 veritati
583 1036 689 1092 intentus
704 1036 875 1092 uerecundiam
887 1043 911 1090 et
921 1037 1052 1106 pudorem,
1068 1036 1179 1089 internae

188 1123 304 1180 bonitatis
314 1122 399 1195 signa,
410 1121 499 1192 passim
515 1136 564 1176 non
579 1121 648 1176 laesit
658 1120 738 1175 miuus
754 1135 827 1192 qnam
844 1121 965 1185 defendit,
986 1119 1103 1175 adecima
1121 1119 1178 1174 inde

190 1209 262 1278 plane
273 1212 380 1261 mutatus
397 1221 446 1261 non
456 1205 646 1278 indignationem
661 1210 756 1260 mutum
775 1204 1009 1275 reprehendendque
1020 1203 1179 1258 acerbitatem

188 1291 233 1346 sed
245 1291 388 1360 sapientiam
405 1290 477 1345 simul
488 1297 559 1361 atque
569 1289 701 1344 honestatis
717 1289 824 1343 studium
835 1303 892 1358 prae
910 1303 937 1343 se
953 1288 1000 1340 t'ert
1010 1293 1084 1356 utque
1096 1286 1178 1340 minus

189 1375 234 1430 sibi
247 1375 271 1429 ia
282 1375 411 1430 verbomm
421 1374 514 1429 lusibus
530 1373 693 1444 irrisionisque
705 1373 795 1427 aculeis
810 1372 903 1442 placet,
921 1370 954 1424 ita
966 1369 1132 1440 castigationis
1144 1371 1177 1424 ri·

189 1473 275 1531 gorem
287 1459 448 1530 persuasionis
458 1465 483 1513 et
493 1458 616 1513 doctrinae
626 1461 815 1527 temperamento
833 1454 984 1515 moderatum
1000 1467 1048 1523 qno
1058 1453 1083 1506 in
1094 1453 1177 1508 studio

189 1545 234 1598 etsi
243 1542 300 1598 hinc
310 1544 366 1599 inde
376 1558 420 1614 pro
431 1543 531 1612 pristino
548 1543 638 1612 poetici
655 1541 753 1609 spiritus
770 1539 854 1594 ardore
870 1536 908 1591 vel
919 1535 1087 1590 scholasticam
1098 1535 1175 1591 Stoici

188 1628 331 1698 gravitatem
342 1627 414 1681 offert
424 1627 537 1696 ipsosque
546 1623 656 1679 acerrimi
665 1623 757 1694 ingenii
773 1636 858 1676 sensus
869 1626 993 1691 tamquam
1009 1620 1120 1690 magistri
1132 1622 1176 1675 ali·

188 1712 256 1764 ouius
267 1710 355 1764 dictata
367 1709 463 1778 perfert
478 1708 548 1763 facile
557 1713 637 1761 umen
649 1706 798 1776 ignoscimus
808 1705 860 1759 seni
870 1709 968 1758 strenuo
980 1710 1006 1758 et
1016 1703 1119 1766 amabili,
1134 1720 1176 1775 qm
1220 1723 1221 1726 ¹

188 1794 244 1848 lieet
256 1798 357 1847 aetatem
375 1793 443 1862 qnasi
461 1790 547 1845 haculo
565 1790 641 1856 lcum,
654 1795 727 1859 caput
741 1795 821 1844 tamen
834 1801 965 1858 numquam
976 1787 1081 1842 demittit
1097 1803 1176 1859 neque

188 1877 271 1948 magni
283 1877 331 1930 oris
349 1875 443 1930 sonitus
454 1875 581 1944 comprimi
599 1874 704 1944 patitur,
721 1873 764 1929 sed
781 1873 818 1927 vel
838 1872 1008 1942 octogenarius
1026 1872 1051 1926 in
1068 1872 1174 1929 nefarias

192 1961 371 2030 ,uperstitiones
387 1959 619 2031 peregrinorumque
635 1958 782 2031 religionum
797 1956 936 2012 foeditatem
949 1954 1033 2010 eadem
1051 1956 1175 2010 iracundia

189 2045 324 2108 invehitur,
343 2059 390 2116 qna
402 2044 459 2099 olim
470 2044 622 2114 popularium
641 2043 775 2109 luxuriam,
786 2042 923 2105 vanitatem,
938 2039 1061 2094 avantiam
1072 2040 1174 2094 notavit.

190 2127 299 2199 Namque
311 2135 431 2183 extremas
441 2129 526 2183 satiras
536 2128 584 2182 iam
595 2127 714 2182 Hadriano
727 2127 860 2196 imperante
870 2123 972 2193 scriptas
982 2137 1044 2190 esse,
1057 2138 1105 2178 non
1118 2123 1174 2178 lun-

188 2227 232 2267 ens
244 2219 337 2267 tantum
349 2211 446 2277 consul,
460 2225 531 2282 quem
548 2211 658 2280 superins
673 2210 875 2276 memoravimus,
893 2207 936 2262 scd
948 2207 1063 2263 Fonteius
1079 2223 1175 2278 quoquc

187 2297 287 2368 arguit,
306 2297 375 2350 cuitus
385 2296 555 2366 magistratum
565 2309 640 2366 mum
651 2292 702 2351 Sat.
715 2294 781 2349 XIII.
794 2297 828 2354 17
846 2291 973 2363 sexaginta
992 2306 1108 2347 annomm
1119 2307 1173 2361 spa-

190 2381 224 2434 tio
237 2394 250 2434 a
261 2393 305 2433 sua
321 2386 399 2433 aetate
410 2379 556 2449 distinguat,
572 2378 623 2432 siue
640 2393 662 2432 a.
675 2382 709 2435 59
723 2377 847 2432 consulem
864 2375 1024 2439 intellexeris,
1037 2376 1066 2430 ad
1080 2390 1100 2431 a.
1114 2379 1173 2440 119,

187 2463 239 2517 sive
258 2478 314 2517 cum
325 2462 459 2534 Borghesio
471 2476 540 2529 enm,
557 2462 598 2534 qui
609 2477 631 2518 a.
642 2464 677 2519 67
694 2476 750 2517 cum
762 2461 790 2517 C.
803 2461 862 2516 lulio
876 2459 939 2515 liuto
952 2460 1103 2515 consulatum
1116 2473 1174 2530 ges-

188 2548 236 2614 sit,
258 2545 288 2601 ad
298 2547 377 2619 ipsum
387 2545 455 2602 Iunci
467 2561 556 2600 annum
575 2549 623 2604 rm
640 2561 667 2615 p.
679 2545 738 2602 Chr.
755 2545 882 2608 desereris,
901 2544 965 2598 unde
978 2543 1088 2615 quintum
1108 2550 1173 2598 certe

188 2630 285 2695 libmm,
297 2630 338 2702 qui
348 2631 432 2686 satiras
443 2631 538 2686 tertiam
545 2630 662 2685 dechnam
670 2636 695 2683 et
705 2636 833 2700 sequentes
839 2626 1028 2698 comprehendit,
1040 2628 1069 2682 ad
1076 2627 1172 2682 lladria-

187 2715 213 2769 ni
227 2721 335 2784 tempora
347 2717 466 2786 pertinere
479 2729 578 2770 necesse
587 2725 632 2770 est.
646 2713 682 2768 De
693 2713 745 2768 solo
754 2721 839 2784 quarto
852 2713 969 2768 librosive
981 2711 1060 2767 satiris
1072 2711 1170 2777 deonna,

186 2799 329 2868 undecima,
343 2799 493 2867 duodecima,
505 2797 566 2870 quae
576 2798 691 2868 peculiari
705 2799 820 2867 temporIs
830 2803 888 2853 nota
899 2801 993 2860 carent,
1008 2809 1096 2864 anceps
1111 2795 1171 2850 iudi·

187 2883 255 2937 cium
266 2889 310 2949 est,
322 2884 368 2938 nisi
377 2884 442 2956 qnod
453 2885 545 2938 interna
556 2882 636 2937 indole
646 2888 670 2937 et
681 2883 746 2952 ipsae
756 2883 862 2952 quintam
869 2881 968 2952 propius
975 2894 1047 2950 quam
1054 2879 1170 2948 mesprio-

186 2981 228 3020 res
240 2968 376 3039 attingunt;
387 2983 434 3038 qua
446 2968 471 3022 in
482 2981 553 3020 causa
563 2966 604 3020 ille
615 2966 719 3020 maxime
728 2966 797 3021 locus
805 2963 1029 3021 animadvertendus
1039 2969 1089 3030 est,
1101 2977 1170 3033 quem
1220 2965 1221 2974 ¹

186 3049 282 3104 decima
292 3051 364 3105 satira
374 3066 397 3105 v.
407 3053 458 3108 365
467 3065 522 3104 cnm
530 3048 591 3105 lllV.
604 3055 654 3109 315
666 3065 819 3106 communem
829 3051 908 3114 habat,
921 3047 1007 3118 siquis
1020 3047 1081 3101 alius
1092 3046 1168 3101 claris-

186 3132 251 3186 sime
267 3130 378 3188 Stoicum
396 3133 465 3189 illum
482 3133 611 3204 sapientiae
634 3123 726 3189 cultum
743 3133 872 3201 calibem,
892 3146 964 3203 quam
984 3130 1020 3184 illi
1038 3128 1169 3200 philosophi

187 3217 269 3271 omnis
279 3218 385 3273 nunrinis
402 3217 477 3273 instar
487 3217 655 3274 existimabant
660 3233 764 3290 praeque
773 3233 801 3273 ea
811 3235 859 3274 non
870 3217 982 3272 fortunae
992 3219 1086 3268 mutum
1093 3227 1167 3280 casus,

187 3300 233 3354 sed
245 3300 319 3356 etiam
329 3316 371 3356 eos
382 3300 441 3357 deos
450 3301 606 3373 spernebant,
618 3303 746 3374 quiquam
756 3303 832 3374 vulgo
843 3315 924 3356 rernm
934 3298 1079 3352 naturalium
1090 3304 1169 3352 aucto-

187 3397 228 3437 res
239 3381 400 3453 haberentur,
413 3386 514 3442 iuventis
526 3387 577 3442 aliis
588 3386 672 3442 harum
683 3387 761 3442 causis
772 3401 803 3440 ne
814 3387 860 3457 ipsi
870 3383 968 3456 quidem
979 3381 1042 3436 ultra
1052 3381 1170 3453 legitimas

186 3467 330 3526 cerimonias
347 3472 476 3527 uenerandi
494 3471 711 3532 essevidebantura
729 3465 1049 3540 huimigiturpmdeotioe,
1069 3464 1169 3519 cmusiu

184 3550 348 3622 superioribus
357 3554 435 3614 satiris
447 3571 478 3612 ne
488 3571 577 3612 nomeu
592 3555 689 3628 quidem
700 3557 792 3620 exstat,
809 3553 830 3607 si
842 3568 857 3608 a
867 3555 953 3623 quarto
965 3547 1021 3602 indo
1032 3546 1093 3603 libro
1104 3546 1168 3602 Inte·
