2438 3994
194 253 237 312 72
536 259 571 312 ι).
593 261 665 308 rou.
686 262 871 309 mvnunnrs

194 402 343 463 bellomm
368 417 474 479 pompa
498 402 616 460 animam
641 399 807 458 exhalasset
829 401 962 478 opimam,

196 485 290 560 Quum
312 483 349 544 de
371 483 533 544 Teutonico
554 482 647 543 vellet
669 482 852 542 descendere
876 481 984 544 curru?

195 569 318 641 Provida
341 565 480 646 Pompeio
504 566 627 628 dederat
649 563 802 644 Campania
824 566 923 626 febres

196 651 359 731 Optandas,
380 651 433 711 sed
455 650 561 710 multae
587 649 676 709 urbes
701 658 730 708 et
750 648 866 728 publica
888 660 957 711 vota

194 737 349 804 Vicerunt;
375 735 463 813 igitur
486 734 600 794 fortuna
623 734 714 811 ipsius
739 743 768 793 et
790 733 868 793 urbis
1138 747 1186 800 285

195 820 347 880 Servatum
368 820 446 878 victo
471 827 558 896 caput
580 816 706 876 abstulit.
746 816 810 876 Hoc
835 819 962 878 cruciatu

194 902 350 979 Lentulus,
372 902 428 962 bac
450 919 546 980 poena
567 902 659 960 caruit
682 901 846 980 ceciditque
870 899 1019 978 Cethegus

195 987 329 1064 integer,
355 995 384 1045 et
404 986 491 1044 iacuit
515 982 637 1044 Catilina
663 985 806 1044 cadavere
831 994 903 1044 toto.

237 1069 370 1130 Formam
395 1077 476 1146 optat
496 1067 611 1127 modico
634 1067 749 1146 pueris,
777 1069 885 1128 maiore
910 1068 1016 1148 puellis
1049 1083 1052 1090 ’
1204 1079 1205 1136 l

195 1154 356 1229 Murmure,
383 1169 469 1231 quum
494 1151 619 1210 Veneris
643 1151 738 1210 fanum
760 1151 852 1229 videt,
873 1153 956 1214 anxio
972 1161 1065 1211 mater
1138 1163 1188 1215 290

195 1237 295 1316 Usque
321 1236 357 1296 ad
379 1234 501 1296 delicias
523 1243 665 1293 votorum.
702 1231 760 1293 (lor
781 1244 894 1312 tamen,
916 1237 1017 1314 inquit,

197 1315 365 1398 Corripias?
387 1318 508 1398 pulchra
532 1318 640 1396 gaudet
661 1317 770 1378 Latona
794 1318 895 1379 Diana.
913 1352 956 1362 —
1205 1319 1206 1322 ’

196 1404 255 1465 Sed
277 1412 358 1463 vetat
383 1404 476 1482 optari
503 1403 607 1462 faciem
627 1400 780 1478 Lucretia,
808 1403 922 1480 qualem

195 1488 262 1567 ipsa
288 1487 401 1556 babuit;
428 1495 551 1566 cuperet
577 1485 692 1545 Rutilae
716 1485 855 1564 Verginia
878 1486 997 1564 gibbum

196 1571 342 1650 decipere
365 1580 451 1650 utque
474 1589 554 1630 suam
579 1569 694 1630 Rutilae
716 1570 797 1630 dare.
830 1569 920 1630 Filius
943 1581 1039 1631 autem
1139 1581 1187 1634 295

198 1653 338 1734 Corporis
361 1655 474 1733 egregii
495 1655 620 1714 miseros
642 1654 832 1733 trepidosque
858 1662 994 1732 parentes

196 1741 321 1816 Semper
341 1738 441 1804 babet;
484 1755 549 1797 rara
572 1746 618 1797 est
638 1736 712 1796 adeo
739 1737 895 1798 concordia
919 1738 1029 1798 formae

196 1823 293 1901 litque
315 1822 480 1900 pudicitiae.
513 1821 637 1900 Sanctos
659 1819 729 1880 licet
750 1822 867 1882 horrida
888 1839 985 1882 mores

196 1905 359 1966 'fradiderit
379 1905 481 1965 domus
504 1923 539 1965 ac
561 1913 680 1964 veteres
701 1906 808 1965 imitata
834 1905 968 1982 Sabinos,

196 1990 352 2050 Praeterea
378 1999 487 2049 castum
509 1990 654 2066 ingenium
677 1990 845 2069 vultumque
869 1990 1002 2050 modesto
1138 1992 1210 2054 3ool

197 2073 343 2152 Sanguine
370 2073 532 2134 ferventem
556 2073 661 2134 tribunt
683 2082 783 2133 natura
810 2073 935 2151 benigna

196 2157 288 2236 Larga
311 2175 410 2217 manu:
436 2158 520 2236 (quid
544 2159 618 2217 enim
644 2173 735 2235 puero
765 2158 901 2218 conferre
927 2166 1025 2237 potest
1049 2158 1118 2236 plus

198 2240 327 2302 Custode
354 2249 383 2299 et
403 2259 471 2300 cura
494 2250 593 2300 natura
617 2242 765 2318 potentior
787 2238 900 2320 emnil)

196 2325 262 2384 Non
283 2323 353 2384 licet
377 2341 445 2382 esse
466 2326 545 2392 viro;
566 2340 630 2381 nam
652 2324 774 2401 prodiga
799 2326 978 2402 corruptoris

197 2405 370 2485 improbitas
395 2406 476 2483 ipsos
502 2405 589 2465 audet
614 2414 756 2484 temptare
778 2416 925 2484 parentes.
1137 2421 1188 2474 305

197 2489 288 2550 Tanta
310 2491 339 2548 in
362 2489 527 2548 muneribus
549 2488 663 2550 fiducia.
702 2488 806 2549 Nullus
831 2490 976 2569 ephebum

197 2573 366 2634 Deformem
391 2590 480 2632 saeva
502 2573 638 2632 castravit
660 2574 688 2632 in
714 2591 782 2633 arce
804 2582 952 2650 tyrannus,

197 2656 262 2718 Nec
287 2665 498 2736 praetextatum
520 2657 614 2736 rapuit
635 2655 715 2717 Nero
740 2658 903 2736 loripedem
925 2677 981 2718 nec

198 2743 378 2802 strumosum
398 2749 487 2820 atque
510 2750 593 2800 utero
617 2742 726 2820 pariter
747 2741 896 2822 gibboque
922 2752 1089 2804 tumentem.

197 2825 308 2886 lnuno
330 2835 359 2885 et
378 2825 491 2885 iuvenis
513 2826 614 2905 specie
635 2825 746 2885 laetare
773 2827 828 2902 tui,
854 2844 938 2905 quem
1137 2839 1188 2892 310

197 2908 307 2969 Maiora
329 2917 502 2988 exspectant
526 2909 705 2970 discrimina:
732 2909 782 2969 liet
804 2910 917 2970 adulter

198 2993 335 3054 Publicus
363 3001 392 3051 et
413 3010 524 3071 poenas
544 3002 654 3052 metuet
679 3010 877 3073 quascumque
901 2995 1010 3053 maritis

197 3075 282 3136 lratis
309 3075 414 3151 debet,
440 3093 496 3136 nec
516 3077 572 3135 erit
593 3076 710 3136 felicior
733 3085 812 3136 astro

198 3156 315 3234 Martis,
337 3167 368 3217 ut
390 3159 418 3217 in
442 3159 564 3236 laqueos
589 3176 740 3236 numquam
762 3160 878 3221 incidat.
916 3160 1014 3239 Exigit
1036 3170 1132 3221 autem

198 3240 343 3302 Interdum
367 3241 417 3301 ille
440 3241 526 3302 dolor
547 3242 613 3321 plus
638 3259 722 3320 quam
743 3242 793 3302 len
814 3245 873 3304 ulla
895 3244 991 3305 dolori
1134 3257 1184 3312 31⁵

201 3322 370 3394 Concessit3
394 3334 479 3385 necat
498 3325 546 3384 bic
567 3326 664 3401 ferro,
687 3336 770 3386 secat
792 3327 842 3388 ille
867 3329 993 3388 cruentis

199 3402 396 3483 Verberibus,
420 3408 560 3487 quosdam
582 3409 721 3469 moechos
744 3420 774 3470 et
791 3411 905 3489 mugilis
927 3414 1021 3472 intrat.

200 3489 261 3550 Sed
280 3498 345 3550 tuus
368 3489 528 3567 Endymion
554 3492 680 3553 dilectae
704 3493 754 3553 liet
775 3495 888 3555 adulter
