2438 3994
386 245 511 292 SATIRA
533 246 607 293 v111.

31 387 177 448 Nocturna
201 393 231 443 et
252 383 379 443 llammas
401 383 533 443 domibus
554 385 729 463 templisque
751 390 869 466 paratis,

32 470 65 530 Ut
87 469 292 529 braccatorum
316 467 399 544 pueri
422 468 625 546 Senonumque
645 469 782 544 minores,

31 554 99 612 Ausi
120 552 198 632 quod
223 551 311 611 liceat
333 551 428 610 tonica
450 551 551 627 punire
575 551 708 612 molesta.
964 569 1014 623 235

21 636 88 697 ‚Sed
109 635 212 712 vigilat
235 633 337 693 consul
359 633 527 712 vexillaque
548 644 647 695 vestra
669 646 803 697 coercet:

31 719 80 779 llic
102 736 197 778 novus
218 717 361 795 Arpinas,
387 716 524 794 ignobilis
543 727 573 778 et
592 719 678 779 modo
701 717 812 780 Romae
898 785 900 790 ,

31 801 212 880 llonicipalis
234 818 344 879 eques,
371 800 516 878 galeatum
537 803 617 879 ponit
636 801 744 882 ubique

31 886 207 946 Praesidium
229 885 356 944 attonitis
379 885 458 942 etin
481 885 556 942 omni
578 895 674 945 monte
695 884 819 946 laborat.

32 969 149 1029 Tantum
169 968 255 1046 igitur
276 984 372 1026 muros
393 967 466 1027 intra
485 977 554 1045 toga
575 969 694 1029 contulit
714 969 757 1028 illi
790 991 791 994 ¹
963 983 1015 1035 240

31 1051 158 1112 Nominis
185 1069 220 1110 ac
246 1050 335 1124 tituli,
363 1059 497 1129 quantum
517 1052 566 1111 vix
585 1051 737 1128 Leucade,
761 1063 895 1132 quantum

31 1135 201 1195 Thessaliae
226 1135 335 1211 campis
358 1131 495 1193 Octavios
517 1133 635 1196 abstulit
656 1136 713 1196 udo

31 1216 174 1279 Gaedibus
196 1217 319 1277 assiduis
340 1215 455 1294 gladio:
480 1217 645 1279 sed‘lloma
668 1229 828 1297 parentem,

31 1301 120 1362 Roma
143 1309 257 1380 patrem
279 1301 390 1378 patriae
414 1299 587 1360 Ciceronem
610 1302 702 1362 libera
725 1303 805 1363 dixit.

30 1385 155 1464 Arpinas
178 1384 251 1444 alius
272 1382 448 1443 Volscorum
470 1387 499 1443 in
518 1394 615 1444 monte
639 1385 755 1444 solebat
963 1399 1014 1451 blo

30 1467 158 1529 Poscere
182 1467 351 1542 mercedes,
375 1466 471 1528 alieno
495 1468 588 1527 lassus
612 1477 722 1536 aratro;

30 1550 178 1612 Nodosam
203 1559 271 1629 post
294 1550 368 1610 haec
388 1550 541 1628 frangebat
562 1553 673 1610 vertice
695 1553 794 1629 vitem,

31 1637 57 1694 Si
77 1636 176 1696 lentus
199 1636 284 1712 pigra
306 1634 429 1693 muniret
450 1644 545 1696 castra
566 1634 702 1696 dolabra:

32 1717 80 1778 llic
103 1729 201 1779 tamen
223 1727 252 1777 et
276 1715 408 1777 Gimbros
430 1727 460 1778 et
482 1736 588 1778 summa
610 1718 741 1796 pericula
766 1737 862 1779 rerum

33 1800 164 1880 Excipit,
189 1811 218 1861 et
240 1799 321 1860 solus
344 1801 535 1878 trepidantem
557 1803 684 1880 protegit
707 1802 823 1872 urbem;
862 1843 863 1846 κ
964 1815 1012 1868 aso

34 1886 125 1964 Atque
147 1885 232 1960 ideo,
256 1893 409 1962 postquam
431 1885 467 1945 ad
489 1883 622 1945 Gimbros
644 1895 829 1965 stragemque
850 1887 998 1964 volabant,

35 1967 87 2040 Qui
108 1985 263 2047 numquam
285 1969 438 2046 attigerant
460 1970 568 2029 maiora
588 1969 747 2045 cadavera,
771 1971 861 2044 corvi,

35 2050 145 2113 Nobilis
168 2060 287 2111 ornatur
308 2051 389 2111 lauro
412 2051 528 2130 collega
550 2051 686 2112 secunda.

35 2134 168 2196 Plebeiae
183 2134 349 2195 Deciorum
372 2137 497 2212 animae,
519 2134 636 2214 plebeia
657 2135 771 2195 luerunt

37 2217 166 2279 Nomina:
188 2234 243 2298 pro
265 2219 334 2277 totis
358 2218 523 2296 legionibus
544 2218 572 2278 hi
590 2229 685 2278 tamen
707 2227 736 2278 et
755 2235 809 2296 pro
964 2228 1015 2281 boo

39 2302 168 2363 Omnibus
191 2301 304 2362 auxiliis
322 2310 410 2381 atque
432 2305 507 2362 omni
528 2301 606 2381 pube
627 2302 726 2362 latina

38 2387 181 2447 Sufficiunt
204 2385 248 2445 dis
269 2385 390 2444 infernis
412 2395 569 2466 terraeque
592 2387 721 2464 parenti;

38 2467 122 2529 Pluris
144 2471 221 2530 enim
243 2468 343 2544 Decii,
367 2486 452 2548 quam
474 2487 549 2548 quae
570 2480 721 2530 servantur
742 2469 778 2530 ab
801 2473 868 2532 illis.

39 2553 144 2614 Ancilla
170 2561 253 2613 natus
275 2551 404 2612 trabeam
423 2561 453 2612 et
473 2553 605 2614 diadema
628 2553 737 2626 Quirini

38 2635 69 2696 lit
87 2638 185 2698 iasces
207 2637 310 2696 meruit
330 2654 432 2714 regum
452 2636 566 2696 ultimus
587 2636 637 2696 ille
656 2634 811 2695 bonorum:
964 2643 1017 2698 260

38 2719 146 2782 Prodita
168 2719 305 2781 laxabant
327 2730 474 2798 portarum
495 2721 621 2780 claustra
638 2720 765 2795 tyrannis

39 2801 172 2864 llnulibus
193 2805 314 2863 iuvenes
336 2804 428 2881 ipsius
453 2803 580 2864 consulis
604 2812 633 2862 et
655 2819 728 2880 quos

38 2883 165 2965 llagnum
187 2887 295 2964 aliquid
318 2885 404 2948 dubia
424 2904 478 2965 pro
500 2887 635 2947 libertate
657 2886 788 2961 deceret,

40 2969 116 3040 Quod
140 2972 293 3030 miraretur
317 2988 380 3030 cum
405 2968 519 3030 Coclite
540 2968 652 3029 blucius
676 2977 705 3028 ct
726 2986 801 3046 quae

39 3051 147 3133 lnperii
163 3053 237 3113 fines
254 3051 419 3114 Tiberinum
437 3055 521 3132 virgo
543 3053 658 3114 natavit.
965 3059 1016 3112 too

40 3134 154 3198 Occulta
177 3138 214 3198 ad
236 3145 336 3215 patres
358 3137 494 3216 produxit
518 3138 635 3197 crimina
657 3154 770 3212 servus,

39 3216 169 3282 llatronis
190 3220 350 3298 lugendus:
375 3232 403 3282 at
424 3221 491 3281 illos
512 3221 636 3281 verbera
657 3221 738 3280 iustis

43 3303 169 3365 lliciunt
194 3307 298 3384 poenis
322 3315 350 3365 et
372 3305 469 3382 legum
490 3306 580 3383 prima
603 3305 725 3364 securis.

75 3385 149 3449 llalo
174 3398 259 3467 pater
279 3388 331 3448 tibi
353 3390 389 3450 sit
411 3387 575 3465 Thersites,
598 3388 751 3448 dummodo
772 3396 802 3447 tu
824 3387 864 3445 sis

46 3468 180 3532 Aeacidae
203 3473 303 3532 similis
324 3471 525 3551 Vulcaniaque
548 3489 624 3531 arma
648 3485 798 3550 capessas,
964 3477 1016 3533 ato
