2444 3984
198 262 218 320 l
525 272 559 318 u.
576 271 648 318 run.
665 270 852 318 1uvsnan1s
885 282 890 291 ·

199 409 283 488 lpsos
307 409 487 487 Troiugenas
510 409 591 486 (nam
612 415 719 468 vexant
740 406 826 466 limen
849 413 879 466 et
900 407 956 484 ipsi
1147 420 1197 470 too

199 491 390 571 Nobiscum:
414 491 459 552 Da
482 493 627 570 praetori,
651 490 687 551 da
709 489 815 550 deinde
834 489 964 549 tribuno!
1042 551 1056 572 ·

199 577 258 637 Sed
281 577 431 636 libertinus
454 577 534 654 prior
557 583 617 635 est:
639 573 740 650 Prior,
763 575 871 652 inquit,
895 590 952 651 ego
975 574 1091 643 adsum;
1206 568 1207 598 r

200 659 258 720 Cur
280 662 395 720 timeam
416 659 581 720 dubitemve
603 658 700 718 locum
719 657 895 733 defendere,
917 658 1064 735 quamvis.

198 743 288 818 Natus
309 739 346 804 a'd
367 743 556 822 Euphraten,
579 741 684 802 molles
708 741 785 820 quod
807 743 836 800 in
857 759 928 802 aure
947 742 1096 803 fenestrae

199 828 374 904 Arguerint,
398 827 468 887 licet
487 828 552 904 ipse
575 822 702 904 negem?
722 825 775 884 sed
798 827 924 904 quinque
947 825 1097 896 tabernae·
1146 839 1193 889 105

200 911 416 989 Quadringenta
439 919 554 989 parant;
577 910 645 989 quid
667 910 781 990 confert
804 927 931 987 purpura
953 911 1045 970 maior

200 993 380 1073 Optandum,
404 997 429 1059 si
448 993 583 1054 Laurenti
604 993 729 1054 custodit
751 995 779 1052 in
803 1009 875 1070 agro
923 1001 925 1006 '

200 1075 366 1139 Gonductas
389 1075 531 1138 Corvinus
555 1094 644 1152 oves,
667 1094 724 1155 ego
747 1077 886 1155 possideo
908 1077 973 1154 plus

199 1161 339 1222 Pallante·
353 1171 382 1222 et
403 1157 581 1221 11111111-
601 1161 784 1240 Exspectent
806 1177 878 1238 ergo
899 1158 1020 1236 tribuni,

199 1245 323 1306 Vincunt
344 1245 479 1321 divitiae,
500 1262 586 1305 sacro
608 1262 645 1304 ne
670 1245 756 1305 cedat
777 1245 898 1319 honori,
974 1302 976 1308 ,
1055 1256 1057 1261 ’
1140 1260 1192 1310 tlt]

199 1328 300 1408 Nuper
321 1331 349 1388 in
368 1329 442 1391 hanc
463 1328 564 1388 urbem
585 1329 709 1408 pedibus
732 1331 780 1408 qui
800 1321 1031 1402 venerat'albis:

200 1412 439 1492 Quandoquidem
458 1415 533 1472 inter
553 1430 607 1473 nos
630 1415 812 1493 sanctissima
833 1412 992 1473 divitiarum

200 1495 352 1566 Maiestam
377 1498 432 1556 etsi
452 1496 572 1557 funesta
592 1499 715 1576 pecunia
738 1496 847 1575 templo

199 1579 331 1642 Nondum
352 1580 482 1656 habitas,
505 1581 599 1641 nullas
619 1599 798 1641 nummorum
820 1582 966 1650 ereximus
989 1598 1070 1657 aras,

199 1663 236 1724 Ut
259 1664 365 1725 colitur
386 1665 447 1725 Pax
467 1673 554 1742 atque
577 1663 682 1740 Fides,
705 1665 852 1740 Victoria,
865 1658 990 1740 Virtus,
1138 1678 1189 1730 115

200 1746 342 1828 Quaeque
363 1748 487 1809 salutato
512 1751 636 1828 crepitat
659 1746 825 1809 Concordia
845 1747 923 1806 nido.

250 1831 320 1892 vSed
343 1851 429 1911 quum
451 1851 575 1893 summus
597 1833 692 1893 honor
714 1832 793 1891 linito
817 1839 966 1910 computet
986 1849 1076 1908 anuo,

200 1916 336 1999 Sportula
358 1915 427 1995 quid
447 1917 572 1993 referat,
595 1926 730 1994 quantum
750 1914 910 1976 rationibus
933 1916 1032 1977 addat:

200 1999 274 2074 Quid
292 1999 400 2060 facient
417 2003 555 2077 comites,
574 2000 678 2079 quibus
695 2000 762 2061 hinc
779 2010 864 2078 toga,
881 1999 1000 2061 calceus
1017 2000 1083 2060 hinc
1101 2012 1146 2062 est

199 2082 236 2143 Et
258 2085 340 2162 panis
362 2084 516 2162 fumusque
538 2082 636 2145 domi?
659 2084 839 2146 Densissima
861 2095 975 2145 centum
1138 2097 1188 2148 tto

200 2166 383 2240 Quadrantes
406 2167 514 2228 lectica
536 2171 624 2246 petit,
647 2172 845 2248 sequiturque·
859 2171 990 2228 maritum

199 2250 345 2332 Languida
365 2251 415 2311 vel
436 2270 582 2331 praegnas
605 2261 635 2313 et
657 2252 879 2320 circumducitur
899 2268 984 2311 uxor.

199 2333 253 2393 llic
273 2336 346 2411 petit
367 2334 495 2412 absenti,
520 2340 667 2398 notatam
689 2337 811 2398 callidus
833 2343 913 2409 arte,
939 2403 943 2409 ¹

201 2416 364 2477 Ostendens
386 2437 505 2480 vacuam
528 2430 557 2480 et
580 2421 707 2481 clausam
729 2436 782 2499 pro
807 2419 931 2494 coniuge
956 2417 1067 2477 sellam.

201 2500 283 2561 Galla
304 2519 367 2562 mea
392 2512 453 2579 est,
475 2505 581 2583 inquit,
605 2505 688 2564 citius
711 2503 834 2568 dimitte;
857 2497 1000 2562 moraris?
1135 2513 1184 2564 125

199 2584 303 2646 Profer
326 2584 408 2647 Galla
430 2588 532 2665 caput!
556 2587 615 2646 noli
633 2605 762 2660 vexare,
786 2585 928 2663 quiescet.
944 2619 986 2632 -

200 2668 275 2747 lpse
290 2669 354 2730 dles
375 2670 499 2749 pulchro
520 2671 701 2746 distinguitur
721 2669 829 2729 ordine
843 2686 956 2727 rerum:

201 2753 355 2831 Sportula,
380 2754 484 2813 deinde
506 2755 600 2813 lorum
620 2753 749 2832 iurisque
770 2753 882 2830 peritus
903 2749 1012 2830 Apollo

200 2834 299 2915 Atque
322 2836 526 2914 triumphales,
549 2838 623 2895 inter
643 2854 715 2914 quas
737 2854 824 2897 ausus
848 2835 959 2896 habere

199 2918 309 2980 Nescio
332 2921 397 2998 quis
418 2919 517 2979 titulos
540 2919 704 2998 Aegyptius
726 2929 812 3000 atque
835 2919 1037 2993 Arabarches,
1133 2930 1184 2984 teo

201 3001 289 3062 Cuius
311 3004 347 3062 ad
368 3003 496 3078 elligiem
516 3021 574 3063 nou
594 3007 831 3064 tantum'meiere
855 3005 899 3064 las
922 3011 976 3062 est.
1115 3031 1118 3038 ,

199 3086 359 3146 vestibulis
381 3085 488 3146 abeunt
507 3096 627 3148 veteres
645 3087 773 3168 lassique
797 3088 920 3148 clientes

199 3169 333 3248 Votaque
356 3169 520 3247 deponunt,
544 3190 714 3252 quamquam
736 3173 904 3250 longissima
926 3188 1039 3232 coenae

200 3254 276 3331 Spes
297 3252 418 3322 homini;
442 3256 534 3338 caulis
556 3257 671 3317 miseris
692 3265 778 3336 atque
800 3257 879 3338 ignis¹
897 3254 1046 3316 emendus.

201 3333 314 3412 Optima
337 3337 472 3399 silvarum
493 3342 604 3401 interea
625 3342 781 3420 pelagique
803 3341 918 3401 vorabit
1079 3363 1083 3370 ·
1134 3349 1180 3403 135

200 3415 266 3476 Rex
286 3419 404 3498 horum,
428 3427 588 3504 vacuisque
610 3427 682 3486 toris
702 3435 808 3485 tantum
830 3427 896 3504 ipse
919 3424 1037 3485 iacebit.

200 3499 271 3562 Nam
293 3502 331 3563 de
352 3513 397 3566 tot
415 3507 544 3584 pulchris
566 3519 596 3570 et
617 3510 681 3570 latis
699 3509 820 3570 orbibus
842 3519 872 3570 et
894 3517 950 3570 tam
