<?xml version="1.0" encoding="UTF-8"?>
<!DOCTYPE html PUBLIC "-//W3C//DTD XHTML 1.0 Transitional//EN"
    "http://www.w3.org/TR/xhtml1/DTD/xhtml1-transitional.dtd">
<html xmlns="http://www.w3.org/1999/xhtml" xml:lang="en" lang="en">
 <head>
  <title>
</title>
<meta http-equiv="Content-Type" content="text/html;charset=utf-8" />
  <meta name='ocr-system' content='tesseract 3.04.00' />
  <meta name='ocr-capabilities' content='ocr_page ocr_carea ocr_par ocr_line ocrx_word'/>
</head>
<body>
  <div class='ocr_page' id='page_1' title='image "./satirarumlibriq02juvegoog_0040.png"; bbox 0 0 2444 3984; ppageno 0'>
   <div class='ocr_carea' id='block_1_1' title="bbox 449 273 645 346">
    <p class='ocr_par' dir='ltr' id='par_1_1' title="bbox 449 273 645 346">
     <span class='ocr_line' id='line_1_1' title="bbox 449 273 645 346; baseline -0.005 -1"><span class='ocrx_word' id='word_1_1' title='bbox 449 273 572 345; x_wconf 73' lang='lat' dir='ltr'><strong>sarran</strong></span> <span class='ocrx_word' id='word_1_2' title='bbox 595 299 618 346; x_wconf 91' lang='lat'><strong>1.</strong></span> <span class='ocrx_word' id='word_1_3' title='bbox 643 319 645 324; x_wconf 67' lang='lat'><strong>,</strong></span> 
     </span>
    </p>
   </div>
   <div class='ocr_carea' id='block_1_2' title="bbox 16 433 1008 3194">
    <p class='ocr_par' dir='ltr' id='par_1_2' title="bbox 17 433 758 514">
     <span class='ocr_line' id='line_1_2' title="bbox 17 433 758 514; baseline 0.004 -20"><span class='ocrx_word' id='word_1_4' title='bbox 17 436 149 514; x_wconf 77' lang='lat' dir='ltr'><strong>Antiquis</strong></span> <span class='ocrx_word' id='word_1_5' title='bbox 172 453 230 496; x_wconf 92' lang='lat' dir='ltr'><strong>uua</strong></span> <span class='ocrx_word' id='word_1_6' title='bbox 251 435 404 496; x_wconf 90' lang='lat' dir='ltr'><strong>comedunt</strong></span> <span class='ocrx_word' id='word_1_7' title='bbox 426 437 596 512; x_wconf 90' lang='lat' dir='ltr'><strong>patrimonia</strong></span> <span class='ocrx_word' id='word_1_8' title='bbox 616 454 725 497; x_wconf 86' lang='lat' dir='ltr'><strong>mensa.</strong></span> <span class='ocrx_word' id='word_1_9' title='bbox 755 433 758 440; x_wconf 84' lang='lat'>&#39;</span> 
     </span>
    </p>

    <p class='ocr_par' dir='ltr' id='par_1_3' title="bbox 16 519 819 599">
     <span class='ocr_line' id='line_1_3' title="bbox 16 519 819 599; baseline 0.005 -21"><span class='ocrx_word' id='word_1_10' title='bbox 16 519 197 578; x_wconf 80' lang='lat' dir='ltr'><strong>Nullusiam</strong></span> <span class='ocrx_word' id='word_1_11' title='bbox 221 519 364 596; x_wconf 76' lang='lat' dir='ltr'><strong>parasitus</strong></span> <span class='ocrx_word' id='word_1_12' title='bbox 386 519 450 578; x_wconf 90' lang='lat' dir='ltr'><strong>erit.</strong></span> <span class='ocrx_word' id='word_1_13' title='bbox 482 520 542 580; x_wconf 88' lang='lat' dir='ltr'><strong>Sed</strong></span> <span class='ocrx_word' id='word_1_14' title='bbox 564 521 631 599; x_wconf 90' lang='lat' dir='ltr'><strong>quis</strong></span> <span class='ocrx_word' id='word_1_15' title='bbox 651 520 727 580; x_wconf 87' lang='lat' dir='ltr'><strong>ierat</strong></span> <span class='ocrx_word' id='word_1_16' title='bbox 749 520 819 582; x_wconf 89' lang='lat' dir='ltr'><strong>istas</strong></span> 
     </span>
    </p>

    <p class='ocr_par' dir='ltr' id='par_1_4' title="bbox 16 599 1006 683">
     <span class='ocr_line' id='line_1_4' title="bbox 16 599 1006 683; baseline 0.008 -22"><span class='ocrx_word' id='word_1_17' title='bbox 16 602 158 663; x_wconf 80' lang='lat' dir='ltr'><strong>Luxuriae</strong></span> <span class='ocrx_word' id='word_1_18' title='bbox 183 599 312 662; x_wconf 81' lang='lat' dir='ltr'><strong>sordes?</strong></span> <span class='ocrx_word' id='word_1_19' title='bbox 334 611 438 680; x_wconf 89' lang='lat' dir='ltr'><strong>quanta</strong></span> <span class='ocrx_word' id='word_1_20' title='bbox 462 612 507 662; x_wconf 91' lang='lat' dir='ltr'><strong>est</strong></span> <span class='ocrx_word' id='word_1_21' title='bbox 529 603 613 680; x_wconf 82' lang='lat' dir='ltr'><strong>gula,</strong></span> <span class='ocrx_word' id='word_1_22' title='bbox 634 622 710 683; x_wconf 92' lang='lat' dir='ltr'><strong>quae</strong></span> <span class='ocrx_word' id='word_1_23' title='bbox 733 603 788 664; x_wconf 86' lang='lat' dir='ltr'>sibi</span> <span class='ocrx_word' id='word_1_24' title='bbox 811 615 888 668; x_wconf 89' lang='lat' dir='ltr'><strong>totos</strong></span> <span class='ocrx_word' id='word_1_25' title='bbox 956 622 1006 676; x_wconf 82' lang='lat'><strong>140</strong></span> 
     </span>
    </p>

    <p class='ocr_par' dir='ltr' id='par_1_5' title="bbox 17 681 809 765">
     <span class='ocr_line' id='line_1_5' title="bbox 17 681 809 765; baseline 0.003 -20"><span class='ocrx_word' id='word_1_26' title='bbox 17 687 97 745; x_wconf 88' lang='lat' dir='ltr'><strong>Ponit</strong></span> <span class='ocrx_word' id='word_1_27' title='bbox 117 703 227 765; x_wconf 88' lang='lat' dir='ltr'><strong>apros,</strong></span> <span class='ocrx_word' id='word_1_28' title='bbox 250 686 354 746; x_wconf 89' lang='lat' dir='ltr'><strong>animal</strong></span> <span class='ocrx_word' id='word_1_29' title='bbox 375 695 498 764; x_wconf 87' lang='lat' dir='ltr'><strong>propter</strong></span> <span class='ocrx_word' id='word_1_30' title='bbox 518 689 652 747; x_wconf 83' lang='lat' dir='ltr'><strong>convivia</strong></span> <span class='ocrx_word' id='word_1_31' title='bbox 671 688 779 748; x_wconf 92' lang='lat' dir='ltr'><strong>natum!</strong></span> <span class='ocrx_word' id='word_1_32' title='bbox 804 681 809 692; x_wconf 88' lang='grc'><strong>’</strong></span> 
     </span>
    </p>

    <p class='ocr_par' dir='ltr' id='par_1_6' title="bbox 17 770 856 849">
     <span class='ocr_line' id='line_1_6' title="bbox 17 770 856 849; baseline 0.007 -21"><span class='ocrx_word' id='word_1_33' title='bbox 17 770 112 829; x_wconf 90' lang='lat' dir='ltr'><strong>Poena</strong></span> <span class='ocrx_word' id='word_1_34' title='bbox 133 779 232 830; x_wconf 91' lang='lat' dir='ltr'><strong>tamen</strong></span> <span class='ocrx_word' id='word_1_35' title='bbox 254 787 412 848; x_wconf 89' lang='lat' dir='ltr'><strong>praesens,</strong></span> <span class='ocrx_word' id='word_1_36' title='bbox 435 788 522 849; x_wconf 91' lang='lat' dir='ltr'><strong>quum</strong></span> <span class='ocrx_word' id='word_1_37' title='bbox 542 779 571 829; x_wconf 90' lang='lat' dir='ltr'><strong>tu</strong></span> <span class='ocrx_word' id='word_1_38' title='bbox 593 771 716 849; x_wconf 88' lang='lat' dir='ltr'><strong>deponis</strong></span> <span class='ocrx_word' id='word_1_39' title='bbox 737 774 856 834; x_wconf 86' lang='lat' dir='ltr'><strong>amictus</strong></span> 
     </span>
    </p>

    <p class='ocr_par' dir='ltr' id='par_1_7' title="bbox 18 853 818 934">
     <span class='ocr_line' id='line_1_7' title="bbox 18 853 818 934; baseline 0.008 -24"><span class='ocrx_word' id='word_1_40' title='bbox 18 853 156 930; x_wconf 80' lang='lat' dir='ltr'><strong>lurgidus</strong></span> <span class='ocrx_word' id='word_1_41' title='bbox 180 863 219 914; x_wconf 87' lang='lat' dir='ltr'><strong>et·</strong></span> <span class='ocrx_word' id='word_1_42' title='bbox 234 855 352 932; x_wconf 91' lang='lat' dir='ltr'><strong>crudum</strong></span> <span class='ocrx_word' id='word_1_43' title='bbox 372 871 515 932; x_wconf 83' lang='lat' dir='ltr'><strong>pavonem</strong></span> <span class='ocrx_word' id='word_1_44' title='bbox 536 855 565 912; x_wconf 93' lang='lat' dir='ltr'><strong>in</strong></span> <span class='ocrx_word' id='word_1_45' title='bbox 587 854 692 916; x_wconf 89' lang='lat' dir='ltr'><strong>balnea</strong></span> <span class='ocrx_word' id='word_1_46' title='bbox 709 865 818 934; x_wconf 89' lang='lat' dir='ltr'><strong>portas.</strong></span> 
     </span>
    </p>

    <p class='ocr_par' dir='ltr' id='par_1_8' title="bbox 18 936 887 1016">
     <span class='ocr_line' id='line_1_8' title="bbox 18 936 887 1016; baseline 0.005 -21"><span class='ocrx_word' id='word_1_47' title='bbox 18 936 88 997; x_wconf 92' lang='lat' dir='ltr'><strong>llinc</strong></span> <span class='ocrx_word' id='word_1_48' title='bbox 110 936 226 998; x_wconf 87' lang='lat' dir='ltr'><strong>subitae</strong></span> <span class='ocrx_word' id='word_1_49' title='bbox 248 945 357 997; x_wconf 92' lang='lat' dir='ltr'><strong>mortes</strong></span> <span class='ocrx_word' id='word_1_50' title='bbox 380 946 467 1016; x_wconf 89' lang='lat' dir='ltr'><strong>atque</strong></span> <span class='ocrx_word' id='word_1_51' title='bbox 490 939 624 999; x_wconf 90' lang='lat' dir='ltr'><strong>intestata</strong></span> <span class='ocrx_word' id='word_1_52' title='bbox 646 949 797 1008; x_wconf 65' lang='lat' dir='ltr'><strong>sancctum</strong></span> <span class='ocrx_word' id='word_1_53' title='bbox 884 999 887 1006; x_wconf 86' lang='grc'>,</span> 
     </span>
    </p>

    <p class='ocr_par' dir='ltr' id='par_1_9' title="bbox 19 1019 1005 1100">
     <span class='ocr_line' id='line_1_9' title="bbox 19 1019 1005 1100; baseline 0.005 -21"><span class='ocrx_word' id='word_1_54' title='bbox 19 1019 55 1079; x_wconf 88' lang='lat' dir='ltr'><strong>Et</strong></span> <span class='ocrx_word' id='word_1_55' title='bbox 74 1038 147 1082; x_wconf 86' lang='lat' dir='ltr'><strong>nova</strong></span> <span class='ocrx_word' id='word_1_56' title='bbox 169 1040 227 1082; x_wconf 93' lang='lat' dir='ltr'><strong>nec</strong></span> <span class='ocrx_word' id='word_1_57' title='bbox 250 1021 341 1081; x_wconf 90' lang='lat' dir='ltr'><strong>tristis</strong></span> <span class='ocrx_word' id='word_1_58' title='bbox 364 1039 419 1100; x_wconf 83' lang='lat' dir='ltr'><strong>par</strong></span> <span class='ocrx_word' id='word_1_59' title='bbox 442 1032 560 1081; x_wconf 89' lang='lat' dir='ltr'><strong>cunctas</strong></span> <span class='ocrx_word' id='word_1_60' title='bbox 580 1022 679 1083; x_wconf 82' lang='lat' dir='ltr'><strong>fabula</strong></span> <span class='ocrx_word' id='word_1_61' title='bbox 692 1027 808 1084; x_wconf 80' lang='lat' dir='ltr'><strong>&#39;coenas</strong></span> <span class='ocrx_word' id='word_1_62' title='bbox 956 1041 1005 1094; x_wconf 74' lang='lat'><strong>145</strong></span> 
     </span>
    </p>

    <p class='ocr_par' dir='ltr' id='par_1_10' title="bbox 19 1103 935 1267">
     <span class='ocr_line' id='line_1_10' title="bbox 19 1103 935 1183; baseline 0.002 -20"><span class='ocrx_word' id='word_1_63' title='bbox 19 1103 134 1164; x_wconf 83' lang='lat' dir='ltr'><strong>Ducitur</strong></span> <span class='ocrx_word' id='word_1_64' title='bbox 155 1107 238 1165; x_wconf 89' lang='lat' dir='ltr'><strong>iratis</strong></span> <span class='ocrx_word' id='word_1_65' title='bbox 262 1105 455 1183; x_wconf 87' lang='lat' dir='ltr'><strong>plaudendum</strong></span> <span class='ocrx_word' id='word_1_66' title='bbox 477 1106 560 1166; x_wconf 84' lang='lat' dir='ltr'><strong>funus</strong></span> <span class='ocrx_word' id='word_1_67' title='bbox 583 1108 692 1166; x_wconf 88' lang='lat' dir='ltr'><strong>amicis.</strong></span> <span class='ocrx_word' id='word_1_68' title='bbox 932 1112 935 1117; x_wconf 81' lang='grc'>’</span> 
     </span>
     <span class='ocr_line' id='line_1_11' title="bbox 77 1187 841 1267; baseline 0.007 -20"><span class='ocrx_word' id='word_1_69' title='bbox 77 1187 124 1248; x_wconf 88' lang='lat' dir='ltr'><strong>Nil</strong></span> <span class='ocrx_word' id='word_1_70' title='bbox 147 1190 203 1249; x_wconf 82' lang='lat' dir='ltr'><strong>erit</strong></span> <span class='ocrx_word' id='word_1_71' title='bbox 223 1189 359 1265; x_wconf 88' lang='lat' dir='ltr'><strong>ulterius,</strong></span> <span class='ocrx_word' id='word_1_72' title='bbox 381 1189 459 1267; x_wconf 93' lang='lat' dir='ltr'><strong>quod</strong></span> <span class='ocrx_word' id='word_1_73' title='bbox 479 1191 587 1250; x_wconf 90' lang='lat' dir='ltr'><strong>nostris</strong></span> <span class='ocrx_word' id='word_1_74' title='bbox 609 1191 738 1250; x_wconf 88' lang='lat' dir='ltr'><strong>moribus</strong></span> <span class='ocrx_word' id='word_1_75' title='bbox 755 1192 841 1252; x_wconf 90' lang='lat' dir='ltr'><strong>addat</strong></span> 
     </span>
    </p>

    <p class='ocr_par' dir='ltr' id='par_1_11' title="bbox 20 1271 802 1353">
     <span class='ocr_line' id='line_1_12' title="bbox 20 1271 802 1353; baseline 0.006 -24"><span class='ocrx_word' id='word_1_76' title='bbox 20 1271 188 1341; x_wconf 84' lang='lat' dir='ltr'><strong>Posteritas;</strong></span> <span class='ocrx_word' id='word_1_77' title='bbox 213 1273 318 1333; x_wconf 87' lang='lat' dir='ltr'><strong>eadem</strong></span> <span class='ocrx_word' id='word_1_78' title='bbox 334 1275 444 1334; x_wconf 80' lang='lat' dir='ltr'><strong>facient</strong></span> <span class='ocrx_word' id='word_1_79' title='bbox 467 1277 642 1353; x_wconf 79' lang='lat' dir='ltr'><strong>cupientque</strong></span> <span class='ocrx_word' id='word_1_80' title='bbox 665 1276 802 1334; x_wconf 89' lang='lat' dir='ltr'><strong>minores.</strong></span> 
     </span>
    </p>

    <p class='ocr_par' dir='ltr' id='par_1_12' title="bbox 23 1353 791 1436">
     <span class='ocr_line' id='line_1_13' title="bbox 23 1353 791 1436; baseline 0.008 -24"><span class='ocrx_word' id='word_1_81' title='bbox 23 1353 107 1415; x_wconf 86' lang='lat' dir='ltr'><strong>Omne</strong></span> <span class='ocrx_word' id='word_1_82' title='bbox 128 1357 157 1415; x_wconf 95' lang='lat' dir='ltr'><strong>in</strong></span> <span class='ocrx_word' id='word_1_83' title='bbox 178 1357 335 1436; x_wconf 84' lang='lat' dir='ltr'><strong>praecipiti</strong></span> <span class='ocrx_word' id='word_1_84' title='bbox 356 1357 455 1417; x_wconf 80' lang='lat' dir='ltr'><strong>vitium</strong></span> <span class='ocrx_word' id='word_1_85' title='bbox 477 1359 570 1425; x_wconf 89' lang='lat' dir='ltr'><strong>stetit;</strong></span> <span class='ocrx_word' id='word_1_86' title='bbox 594 1368 677 1418; x_wconf 91' lang='lat' dir='ltr'><strong>utere</strong></span> <span class='ocrx_word' id='word_1_87' title='bbox 698 1359 791 1434; x_wconf 84' lang='lat' dir='ltr'><strong>velis,</strong></span> 
     </span>
    </p>

    <p class='ocr_par' dir='ltr' id='par_1_13' title="bbox 24 1437 1004 1518">
     <span class='ocr_line' id='line_1_14' title="bbox 24 1437 1004 1518; baseline 0.005 -22"><span class='ocrx_word' id='word_1_88' title='bbox 24 1437 107 1498; x_wconf 83' lang='lat' dir='ltr'><strong>Totos</strong></span> <span class='ocrx_word' id='word_1_89' title='bbox 129 1441 225 1518; x_wconf 90' lang='lat' dir='ltr'><strong>pande</strong></span> <span class='ocrx_word' id='word_1_90' title='bbox 251 1439 344 1500; x_wconf 89' lang='lat' dir='ltr'><strong>sinus!</strong></span> <span class='ocrx_word' id='word_1_91' title='bbox 378 1440 467 1501; x_wconf 87' lang='lat' dir='ltr'><strong>Dicas</strong></span> <span class='ocrx_word' id='word_1_92' title='bbox 487 1440 533 1500; x_wconf 92' lang='lat' dir='ltr'><strong>hic</strong></span> <span class='ocrx_word' id='word_1_93' title='bbox 557 1440 692 1501; x_wconf 80' lang='lat' dir='ltr'><strong>forsitan:</strong></span> <span class='ocrx_word' id='word_1_94' title='bbox 715 1441 798 1502; x_wconf 91' lang='lat' dir='ltr'><strong>Unde</strong></span> <span class='ocrx_word' id='word_1_95' title='bbox 954 1458 1004 1508; x_wconf 83' lang='lat'><strong>150</strong></span> 
     </span>
    </p>

    <p class='ocr_par' dir='ltr' id='par_1_14' title="bbox 24 1521 737 1604">
     <span class='ocr_line' id='line_1_15' title="bbox 24 1521 737 1604; baseline 0.007 -25"><span class='ocrx_word' id='word_1_96' title='bbox 24 1521 161 1599; x_wconf 85' lang='lat' dir='ltr'><strong>lugentium</strong></span> <span class='ocrx_word' id='word_1_97' title='bbox 185 1542 240 1604; x_wconf 95' lang='lat' dir='ltr'><strong>par</strong></span> <span class='ocrx_word' id='word_1_98' title='bbox 259 1522 419 1585; x_wconf 81' lang='lat' dir='ltr'><strong>materiae?</strong></span> <span class='ocrx_word' id='word_1_99' title='bbox 440 1525 516 1584; x_wconf 83' lang='lat' dir='ltr'><strong>unde</strong></span> <span class='ocrx_word' id='word_1_100' title='bbox 539 1524 588 1584; x_wconf 92' lang='lat' dir='ltr'><strong>illa</strong></span> <span class='ocrx_word' id='word_1_101' title='bbox 608 1525 737 1602; x_wconf 89' lang='lat' dir='ltr'><strong>priorum</strong></span> 
     </span>
    </p>

    <p class='ocr_par' dir='ltr' id='par_1_15' title="bbox 24 1606 803 1688">
     <span class='ocr_line' id='line_1_16' title="bbox 24 1606 803 1688; baseline 0.006 -25"><span class='ocrx_word' id='word_1_102' title='bbox 24 1606 169 1667; x_wconf 82' lang='lat' dir='ltr'><strong>scribendi</strong></span> <span class='ocrx_word' id='word_1_103' title='bbox 192 1608 397 1688; x_wconf 90' lang='lat' dir='ltr'><strong>quodcumque</strong></span> <span class='ocrx_word' id='word_1_104' title='bbox 417 1609 510 1669; x_wconf 92' lang='lat' dir='ltr'><strong>animo</strong></span> <span class='ocrx_word' id='word_1_105' title='bbox 533 1609 673 1685; x_wconf 78' lang='lat' dir='ltr'><strong>ilagrante</strong></span> <span class='ocrx_word' id='word_1_106' title='bbox 696 1609 803 1669; x_wconf 85' lang='lat' dir='ltr'><strong>liberet</strong></span> 
     </span>
    </p>

    <p class='ocr_par' dir='ltr' id='par_1_16' title="bbox 26 1689 783 1767">
     <span class='ocr_line' id='line_1_17' title="bbox 26 1689 783 1767; baseline 0.009 -21"><span class='ocrx_word' id='word_1_107' title='bbox 26 1689 211 1767; x_wconf 85' lang='lat' dir='ltr'><strong>Simplicitas,</strong></span> <span class='ocrx_word' id='word_1_108' title='bbox 236 1693 316 1752; x_wconf 89' lang='lat' dir='ltr'><strong>cuius</strong></span> <span class='ocrx_word' id='word_1_109' title='bbox 336 1708 394 1751; x_wconf 92' lang='lat' dir='ltr'><strong>non</strong></span> <span class='ocrx_word' id='word_1_110' title='bbox 416 1692 511 1752; x_wconf 93' lang='lat' dir='ltr'><strong>audeo</strong></span> <span class='ocrx_word' id='word_1_111' title='bbox 534 1693 633 1752; x_wconf 91' lang='lat' dir='ltr'><strong>dicere</strong></span> <span class='ocrx_word' id='word_1_112' title='bbox 655 1690 783 1753; x_wconf 76' lang='lat' dir='ltr'><strong>nomen?</strong></span> 
     </span>
    </p>

    <p class='ocr_par' dir='ltr' id='par_1_17' title="bbox 27 1771 754 1852">
     <span class='ocr_line' id='line_1_18' title="bbox 27 1771 754 1852; baseline 0.008 -22"><span class='ocrx_word' id='word_1_113' title='bbox 27 1771 94 1844; x_wconf 81' lang='lat' dir='ltr'><strong>Quid</strong></span> <span class='ocrx_word' id='word_1_114' title='bbox 113 1775 205 1836; x_wconf 85' lang='lat' dir='ltr'><strong>rciert</strong></span> <span class='ocrx_word' id='word_1_115' title='bbox 228 1775 312 1836; x_wconf 89' lang='lat' dir='ltr'><strong>dictis</strong></span> <span class='ocrx_word' id='word_1_116' title='bbox 334 1776 467 1852; x_wconf 79' lang='lat' dir='ltr'><strong>ignoscat</strong></span> <span class='ocrx_word' id='word_1_117' title='bbox 486 1775 599 1836; x_wconf 79' lang='lat' dir='ltr'><strong>diucius</strong></span> <span class='ocrx_word' id='word_1_118' title='bbox 621 1794 657 1837; x_wconf 92' lang='lat' dir='ltr'><strong>au</strong></span> <span class='ocrx_word' id='word_1_119' title='bbox 674 1774 754 1837; x_wconf 87' lang='lat' dir='ltr'><strong>noni</strong></span> 
     </span>
    </p>

    <p class='ocr_par' dir='ltr' id='par_1_18' title="bbox 27 1854 1003 1936">
     <span class='ocr_line' id='line_1_19' title="bbox 27 1854 1003 1936; baseline 0.012 -23"><span class='ocrx_word' id='word_1_120' title='bbox 27 1854 96 1915; x_wconf 85' lang='lat' dir='ltr'><strong>lone</strong></span> <span class='ocrx_word' id='word_1_121' title='bbox 117 1857 306 1936; x_wconf 79' lang='lat' dir='ltr'><strong>Tigellinum:</strong></span> <span class='ocrx_word' id='word_1_122' title='bbox 331 1860 417 1920; x_wconf 88' lang='lat' dir='ltr'><strong>taeda</strong></span> <span class='ocrx_word' id='word_1_123' title='bbox 439 1859 553 1920; x_wconf 87' lang='lat' dir='ltr'><strong>lucebis</strong></span> <span class='ocrx_word' id='word_1_124' title='bbox 574 1862 603 1920; x_wconf 93' lang='lat' dir='ltr'><strong>iu</strong></span> <span class='ocrx_word' id='word_1_125' title='bbox 624 1861 690 1936; x_wconf 93' lang='lat' dir='ltr'><strong>illa,</strong></span> <span class='ocrx_word' id='word_1_126' title='bbox 955 1875 1003 1927; x_wconf 82' lang='lat'><strong>155</strong></span> 
     </span>
    </p>

    <p class='ocr_par' dir='ltr' id='par_1_19' title="bbox 28 1936 798 2022">
     <span class='ocr_line' id='line_1_20' title="bbox 28 1936 798 2022; baseline 0.005 -23"><span class='ocrx_word' id='word_1_127' title='bbox 28 1936 82 2009; x_wconf 78' lang='lat' dir='ltr'><strong>Qua</strong></span> <span class='ocrx_word' id='word_1_128' title='bbox 105 1952 214 2003; x_wconf 89' lang='lat' dir='ltr'><strong>stantes</strong></span> <span class='ocrx_word' id='word_1_129' title='bbox 236 1942 355 2018; x_wconf 86' lang='lat' dir='ltr'><strong>ardent,</strong></span> <span class='ocrx_word' id='word_1_130' title='bbox 376 1945 425 2022; x_wconf 91' lang='lat' dir='ltr'><strong>qui</strong></span> <span class='ocrx_word' id='word_1_131' title='bbox 448 1943 506 2004; x_wconf 86' lang='lat' dir='ltr'><strong>lino</strong></span> <span class='ocrx_word' id='word_1_132' title='bbox 530 1954 652 2022; x_wconf 89' lang='lat' dir='ltr'><strong>pectore</strong></span> <span class='ocrx_word' id='word_1_133' title='bbox 675 1945 798 2020; x_wconf 86' lang='lat' dir='ltr'><strong>fumant,</strong></span> 
     </span>
    </p>

    <p class='ocr_par' dir='ltr' id='par_1_20' title="bbox 29 2019 738 2089">
     <span class='ocr_line' id='line_1_21' title="bbox 29 2019 738 2089; baseline 0.01 -9"><span class='ocrx_word' id='word_1_134' title='bbox 29 2019 59 2080; x_wconf 83' lang='lat' dir='ltr'><strong>Et</strong></span> <span class='ocrx_word' id='word_1_135' title='bbox 78 2023 160 2086; x_wconf 88' lang='lat' dir='ltr'><strong>latum</strong></span> <span class='ocrx_word' id='word_1_136' title='bbox 182 2027 278 2088; x_wconf 89' lang='lat' dir='ltr'><strong>media</strong></span> <span class='ocrx_word' id='word_1_137' title='bbox 301 2027 410 2086; x_wconf 89' lang='lat' dir='ltr'><strong>sulcum</strong></span> <span class='ocrx_word' id='word_1_138' title='bbox 433 2028 553 2088; x_wconf 90' lang='lat' dir='ltr'><strong>deducis</strong></span> <span class='ocrx_word' id='word_1_139' title='bbox 565 2045 673 2089; x_wconf 82' lang='lat' dir='ltr'><strong>arena.</strong></span> <span class='ocrx_word' id='word_1_140' title='bbox 696 2062 738 2080; x_wconf 91' lang='lat'><strong>—.-</strong></span> 
     </span>
    </p>

    <p class='ocr_par' dir='ltr' id='par_1_21' title="bbox 30 2103 809 2189">
     <span class='ocr_line' id='line_1_22' title="bbox 30 2103 809 2189; baseline 0.006 -25"><span class='ocrx_word' id='word_1_141' title='bbox 30 2103 77 2176; x_wconf 77' lang='lat' dir='ltr'><strong>Qui</strong></span> <span class='ocrx_word' id='word_1_142' title='bbox 98 2108 173 2170; x_wconf 88' lang='lat' dir='ltr'><strong>dedit</strong></span> <span class='ocrx_word' id='word_1_143' title='bbox 195 2128 270 2187; x_wconf 82' lang='lat' dir='ltr'><strong>ergo</strong></span> <span class='ocrx_word' id='word_1_144' title='bbox 291 2110 382 2170; x_wconf 87' lang='lat' dir='ltr'><strong>tribus</strong></span> <span class='ocrx_word' id='word_1_145' title='bbox 403 2112 513 2189; x_wconf 89' lang='lat' dir='ltr'><strong>patruis</strong></span> <span class='ocrx_word' id='word_1_146' title='bbox 537 2112 667 2186; x_wconf 90' lang='lat' dir='ltr'><strong>aconita,</strong></span> <span class='ocrx_word' id='word_1_147' title='bbox 688 2110 809 2170; x_wconf 92' lang='lat' dir='ltr'><strong>vehatur</strong></span> 
     </span>
    </p>

    <p class='ocr_par' dir='ltr' id='par_1_22' title="bbox 30 2186 844 2273">
     <span class='ocr_line' id='line_1_23' title="bbox 30 2186 844 2273; baseline 0.012 -29"><span class='ocrx_word' id='word_1_148' title='bbox 30 2186 178 2254; x_wconf 89' lang='lat' dir='ltr'><strong>Pensilibns</strong></span> <span class='ocrx_word' id='word_1_149' title='bbox 202 2194 307 2273; x_wconf 87' lang='lat' dir='ltr'><strong>pluinis</strong></span> <span class='ocrx_word' id='word_1_150' title='bbox 329 2203 414 2273; x_wconf 88' lang='lat' dir='ltr'><strong>atquc</strong></span> <span class='ocrx_word' id='word_1_151' title='bbox 438 2195 517 2254; x_wconf 91' lang='lat' dir='ltr'><strong>illinc</strong></span> <span class='ocrx_word' id='word_1_152' title='bbox 539 2195 683 2273; x_wconf 87' lang='lat' dir='ltr'><strong>despiciet</strong></span> <span class='ocrx_word' id='word_1_153' title='bbox 704 2191 779 2254; x_wconf 83' lang='lat' dir='ltr'><strong>nos?</strong></span> <span class='ocrx_word' id='word_1_154' title='bbox 802 2228 844 2243; x_wconf 87' lang='lat'><em>-</em></span> 
     </span>
    </p>

    <p class='ocr_par' dir='ltr' id='par_1_23' title="bbox 32 2269 1004 2356">
     <span class='ocr_line' id='line_1_24' title="bbox 32 2269 1004 2356; baseline 0.012 -26"><span class='ocrx_word' id='word_1_155' title='bbox 32 2269 111 2342; x_wconf 83' lang='lat' dir='ltr'><strong>Quum</strong></span> <span class='ocrx_word' id='word_1_156' title='bbox 127 2280 227 2339; x_wconf 85' lang='lat' dir='ltr'><strong>veniet</strong></span> <span class='ocrx_word' id='word_1_157' title='bbox 250 2288 366 2353; x_wconf 86' lang='lat' dir='ltr'><strong>contra,</strong></span> <span class='ocrx_word' id='word_1_158' title='bbox 391 2279 481 2355; x_wconf 82' lang='lat' dir='ltr'><strong>digito</strong></span> <span class='ocrx_word' id='word_1_159' title='bbox 505 2296 663 2356; x_wconf 84' lang='lat' dir='ltr'><strong>compesce</strong></span> <span class='ocrx_word' id='word_1_160' title='bbox 683 2278 838 2339; x_wconf 88' lang='lat' dir='ltr'><strong>labellum:</strong></span> <span class='ocrx_word' id='word_1_161' title='bbox 953 2290 1004 2344; x_wconf 82' lang='lat'><strong>160</strong></span> 
     </span>
    </p>

    <p class='ocr_par' dir='ltr' id='par_1_24' title="bbox 32 2352 762 2441">
     <span class='ocr_line' id='line_1_25' title="bbox 32 2352 762 2441; baseline 0.015 -30"><span class='ocrx_word' id='word_1_162' title='bbox 32 2353 180 2421; x_wconf 78' lang='lat' dir='ltr'><strong>Accusator</strong></span> <span class='ocrx_word' id='word_1_163' title='bbox 202 2363 258 2422; x_wconf 90' lang='lat' dir='ltr'><strong>erit</strong></span> <span class='ocrx_word' id='word_1_164' title='bbox 280 2363 328 2441; x_wconf 90' lang='lat' dir='ltr'><strong>qui</strong></span> <span class='ocrx_word' id='word_1_165' title='bbox 348 2352 472 2421; x_wconf 77' lang='lat' dir='ltr'><strong>nerium</strong></span> <span class='ocrx_word' id='word_1_166' title='bbox 495 2362 614 2422; x_wconf 87' lang='lat' dir='ltr'><strong>dixerit:</strong></span> <span class='ocrx_word' id='word_1_167' title='bbox 638 2362 686 2423; x_wconf 90' lang='lat' dir='ltr'><strong>lric</strong></span> <span class='ocrx_word' id='word_1_168' title='bbox 708 2372 762 2422; x_wconf 91' lang='lat' dir='ltr'><strong>cst.</strong></span> 
     </span>
    </p>

    <p class='ocr_par' dir='ltr' id='par_1_25' title="bbox 32 2437 751 2524">
     <span class='ocr_line' id='line_1_26' title="bbox 32 2437 751 2524; baseline 0.019 -31"><span class='ocrx_word' id='word_1_169' title='bbox 32 2437 147 2502; x_wconf 89' lang='lat' dir='ltr'><strong>Securus</strong></span> <span class='ocrx_word' id='word_1_170' title='bbox 164 2446 235 2506; x_wconf 90' lang='lat' dir='ltr'><strong>licet</strong></span> <span class='ocrx_word' id='word_1_171' title='bbox 254 2445 375 2506; x_wconf 80' lang='lat' dir='ltr'><strong>Aenean</strong></span> <span class='ocrx_word' id='word_1_172' title='bbox 406 2445 598 2524; x_wconf 85' lang='lat' dir='ltr'><strong>Rutulumque</strong></span> <span class='ocrx_word' id='word_1_173' title='bbox 617 2447 751 2507; x_wconf 88' lang='lat' dir='ltr'><strong>ierocem</strong></span> 
     </span>
    </p>

    <p class='ocr_par' dir='ltr' id='par_1_26' title="bbox 33 2517 811 2608">
     <span class='ocr_line' id='line_1_27' title="bbox 33 2517 811 2608; baseline 0.015 -29"><span class='ocrx_word' id='word_1_174' title='bbox 33 2517 202 2606; x_wconf 75' lang='lat' dir='ltr'><strong>committas,</strong></span> <span class='ocrx_word' id='word_1_175' title='bbox 221 2529 291 2590; x_wconf 94' lang='lat' dir='ltr'><strong>nulli</strong></span> <span class='ocrx_word' id='word_1_176' title='bbox 312 2531 411 2607; x_wconf 78' lang='lat' dir='ltr'><strong>gravis</strong></span> <span class='ocrx_word' id='word_1_177' title='bbox 432 2540 478 2590; x_wconf 88' lang='lat' dir='ltr'><strong>est</strong></span> <span class='ocrx_word' id='word_1_178' title='bbox 499 2549 656 2608; x_wconf 85' lang='lat' dir='ltr'><strong>percussus</strong></span> <span class='ocrx_word' id='word_1_179' title='bbox 678 2529 811 2591; x_wconf 80' lang='lat' dir='ltr'><strong>Achilles</strong></span> 
     </span>
    </p>

    <p class='ocr_par' dir='ltr' id='par_1_27' title="bbox 34 2601 826 2691">
     <span class='ocr_line' id='line_1_28' title="bbox 34 2601 826 2691; baseline 0.015 -31"><span class='ocrx_word' id='word_1_180' title='bbox 34 2601 82 2664; x_wconf 79' lang='lat' dir='ltr'><strong>dut</strong></span> <span class='ocrx_word' id='word_1_181' title='bbox 98 2611 211 2672; x_wconf 86' lang='lat' dir='ltr'><strong>multum</strong></span> <span class='ocrx_word' id='word_1_182' title='bbox 234 2615 382 2691; x_wconf 86' lang='lat' dir='ltr'><strong>quaesitus</strong></span> <span class='ocrx_word' id='word_1_183' title='bbox 403 2613 493 2688; x_wconf 77' lang='lat' dir='ltr'><strong>Hylas</strong></span> <span class='ocrx_word' id='word_1_184' title='bbox 515 2632 673 2691; x_wconf 84' lang='lat' dir='ltr'><strong>urnamque</strong></span> <span class='ocrx_word' id='word_1_185' title='bbox 694 2624 826 2682; x_wconf 89' lang='lat' dir='ltr'><strong>secutus;</strong></span> 
     </span>
    </p>

    <p class='ocr_par' dir='ltr' id='par_1_28' title="bbox 34 2683 1003 2775">
     <span class='ocr_line' id='line_1_29' title="bbox 34 2683 1003 2775; baseline 0.019 -32"><span class='ocrx_word' id='word_1_186' title='bbox 34 2683 101 2749; x_wconf 83' lang='lat' dir='ltr'><strong>llnse</strong></span> <span class='ocrx_word' id='word_1_187' title='bbox 119 2696 197 2756; x_wconf 85' lang='lat' dir='ltr'><strong>velut</strong></span> <span class='ocrx_word' id='word_1_188' title='bbox 219 2698 455 2775; x_wconf 89' lang='lat' dir='ltr'><strong>strictoquoties</strong></span> <span class='ocrx_word' id='word_1_189' title='bbox 474 2697 600 2758; x_wconf 86' lang='lat' dir='ltr'><strong>Lucilius</strong></span> <span class='ocrx_word' id='word_1_190' title='bbox 623 2696 729 2756; x_wconf 91' lang='lat' dir='ltr'><strong>ardens</strong></span> <span class='ocrx_word' id='word_1_191' title='bbox 790 2739 793 2744; x_wconf 86' lang='grc'><strong>-</strong></span> <span class='ocrx_word' id='word_1_192' title='bbox 955 2707 1003 2761; x_wconf 81' lang='grc'><strong>155</strong></span> 
     </span>
    </p>

    <p class='ocr_par' dir='ltr' id='par_1_29' title="bbox 33 2766 808 2856">
     <span class='ocr_line' id='line_1_30' title="bbox 33 2766 808 2856; baseline 0.017 -31"><span class='ocrx_word' id='word_1_193' title='bbox 33 2766 181 2856; x_wconf 90' lang='lat' dir='ltr'><strong>lniremuit,</strong></span> <span class='ocrx_word' id='word_1_194' title='bbox 204 2781 290 2840; x_wconf 89' lang='lat' dir='ltr'><strong>rubet</strong></span> <span class='ocrx_word' id='word_1_195' title='bbox 313 2782 441 2855; x_wconf 87' lang='lat' dir='ltr'><strong>auditor,</strong></span> <span class='ocrx_word' id='word_1_196' title='bbox 466 2782 511 2840; x_wconf 94' lang='lat' dir='ltr'><strong>cui</strong></span> <span class='ocrx_word' id='word_1_197' title='bbox 533 2779 637 2856; x_wconf 82' lang='lat' dir='ltr'><strong>frigida</strong></span> <span class='ocrx_word' id='word_1_198' title='bbox 659 2781 741 2838; x_wconf 89' lang='lat' dir='ltr'><strong>mens</strong></span> <span class='ocrx_word' id='word_1_199' title='bbox 764 2788 808 2839; x_wconf 91' lang='lat' dir='ltr'><strong>est</strong></span> 
     </span>
    </p>

    <p class='ocr_par' dir='ltr' id='par_1_30' title="bbox 36 2847 758 2942">
     <span class='ocr_line' id='line_1_31' title="bbox 36 2847 758 2942; baseline 0.018 -35"><span class='ocrx_word' id='word_1_200' title='bbox 36 2847 208 2940; x_wconf 80' lang='lat' dir='ltr'><strong>Criminibus,</strong></span> <span class='ocrx_word' id='word_1_201' title='bbox 231 2865 319 2924; x_wconf 90' lang='lat' dir='ltr'><strong>tacita</strong></span> <span class='ocrx_word' id='word_1_202' title='bbox 340 2864 443 2924; x_wconf 89' lang='lat' dir='ltr'><strong>sudant</strong></span> <span class='ocrx_word' id='word_1_203' title='bbox 462 2863 636 2942; x_wconf 87' lang='lat' dir='ltr'><strong>praecordia</strong></span> <span class='ocrx_word' id='word_1_204' title='bbox 662 2863 758 2941; x_wconf 89' lang='lat' dir='ltr'><strong>culpa.</strong></span> 
     </span>
    </p>

    <p class='ocr_par' dir='ltr' id='par_1_31' title="bbox 36 2931 907 3024">
     <span class='ocr_line' id='line_1_32' title="bbox 36 2931 907 3024; baseline 0.016 -32"><span class='ocrx_word' id='word_1_205' title='bbox 36 2931 95 2996; x_wconf 87' lang='lat' dir='ltr'><strong>lnde</strong></span> <span class='ocrx_word' id='word_1_206' title='bbox 114 2943 172 3006; x_wconf 91' lang='lat' dir='ltr'><strong>irae</strong></span> <span class='ocrx_word' id='word_1_207' title='bbox 195 2956 225 3007; x_wconf 86' lang='lat' dir='ltr'><strong>et</strong></span> <span class='ocrx_word' id='word_1_208' title='bbox 248 2947 394 3008; x_wconf 87' lang='lat' dir='ltr'><strong>lacrimae.</strong></span> <span class='ocrx_word' id='word_1_209' title='bbox 436 2947 544 3008; x_wconf 82' lang='lat' dir='ltr'><strong>Tecum</strong></span> <span class='ocrx_word' id='word_1_210' title='bbox 566 2947 646 3024; x_wconf 93' lang='lat' dir='ltr'><strong>prius</strong></span> <span class='ocrx_word' id='word_1_211' title='bbox 670 2942 741 3024; x_wconf 84' lang='lat' dir='ltr'><strong>ergo</strong></span> <span class='ocrx_word' id='word_1_212' title='bbox 762 2946 859 3005; x_wconf 82' lang='lat' dir='ltr'><strong>voluta</strong></span> <span class='ocrx_word' id='word_1_213' title='bbox 905 2950 907 2956; x_wconf 78' lang='grc'>’</span> 
     </span>
    </p>

    <p class='ocr_par' dir='ltr' id='par_1_32' title="bbox 37 3013 990 3108">
     <span class='ocr_line' id='line_1_33' title="bbox 37 3013 990 3108; baseline 0.017 -34"><span class='ocrx_word' id='word_1_214' title='bbox 37 3013 105 3081; x_wconf 90' lang='lat' dir='ltr'><strong>llaec</strong></span> <span class='ocrx_word' id='word_1_215' title='bbox 126 3031 216 3091; x_wconf 89' lang='lat' dir='ltr'><strong>anime</strong></span> <span class='ocrx_word' id='word_1_216' title='bbox 239 3040 305 3091; x_wconf 92' lang='lat' dir='ltr'><strong>ante</strong></span> <span class='ocrx_word' id='word_1_217' title='bbox 324 3031 424 3100; x_wconf 85' lang='lat' dir='ltr'><strong>tubas;</strong></span> <span class='ocrx_word' id='word_1_218' title='bbox 447 3031 593 3108; x_wconf 77' lang='lat' dir='ltr'><strong>galeatum</strong></span> <span class='ocrx_word' id='word_1_219' title='bbox 616 3048 684 3090; x_wconf 91' lang='lat' dir='ltr'><strong>sero</strong></span> <span class='ocrx_word' id='word_1_220' title='bbox 709 3029 798 3090; x_wconf 82' lang='lat' dir='ltr'><strong>duelli</strong></span> <span class='ocrx_word' id='word_1_221' title='bbox 988 3083 990 3090; x_wconf 93' lang='lat'><em>.</em></span> 
     </span>
    </p>

    <p class='ocr_par' dir='ltr' id='par_1_33' title="bbox 37 3096 1008 3194">
     <span class='ocr_line' id='line_1_34' title="bbox 37 3096 1008 3194; baseline 0.008 -31"><span class='ocrx_word' id='word_1_222' title='bbox 37 3096 161 3170; x_wconf 78' lang='lat' dir='ltr'><strong>Paenitet.</strong></span> <span class='ocrx_word' id='word_1_223' title='bbox 177 3147 218 3162; x_wconf 65' lang='grc'><strong>-«</strong></span> <span class='ocrx_word' id='word_1_224' title='bbox 238 3113 401 3194; x_wconf 83' lang='lat' dir='ltr'><strong>Experiar,</strong></span> <span class='ocrx_word' id='word_1_225' title='bbox 428 3115 496 3194; x_wconf 90' lang='lat' dir='ltr'><strong>quid</strong></span> <span class='ocrx_word' id='word_1_226' title='bbox 520 3115 697 3174; x_wconf 87' lang='lat' dir='ltr'><strong>concedatur</strong></span> <span class='ocrx_word' id='word_1_227' title='bbox 716 3115 744 3173; x_wconf 93' lang='lat' dir='ltr'><strong>in</strong></span> <span class='ocrx_word' id='word_1_228' title='bbox 768 3112 853 3189; x_wconf 93' lang='lat' dir='ltr'><strong>illos,</strong></span> <span class='ocrx_word' id='word_1_229' title='bbox 954 3119 1008 3176; x_wconf 81' lang='lat' dir='ltr'><strong>rio.</strong></span> 
     </span>
    </p>
   </div>
   <div class='ocr_carea' id='block_1_3' title="bbox 39 3179 769 3276">
    <p class='ocr_par' dir='ltr' id='par_1_34' title="bbox 39 3179 769 3276">
     <span class='ocr_line' id='line_1_35' title="bbox 39 3179 769 3276; baseline 0.005 -24"><span class='ocrx_word' id='word_1_230' title='bbox 39 3179 150 3253; x_wconf 71' lang='lat' dir='ltr'><strong>Quorum</strong></span> <span class='ocrx_word' id='word_1_231' title='bbox 169 3194 306 3259; x_wconf 78' lang='lat' dir='ltr'><strong>Flaminia</strong></span> <span class='ocrx_word' id='word_1_232' title='bbox 328 3199 436 3276; x_wconf 82' lang='lat' dir='ltr'><strong>tegitur</strong></span> <span class='ocrx_word' id='word_1_233' title='bbox 459 3199 531 3257; x_wconf 88' lang='lat' dir='ltr'><strong>ciuis</strong></span> <span class='ocrx_word' id='word_1_234' title='bbox 553 3207 639 3276; x_wconf 88' lang='lat' dir='ltr'><strong>atque</strong></span> <span class='ocrx_word' id='word_1_235' title='bbox 660 3196 769 3258; x_wconf 85' lang='lat' dir='ltr'><strong>Latina.</strong></span> 
     </span>
    </p>
   </div>
   <div class='ocr_carea' id='block_1_4' title="bbox 419 3423 601 3434">
    <p class='ocr_par' dir='ltr' id='par_1_35' title="bbox 419 3423 601 3434">
     <span class='ocr_line' id='line_1_36' title="bbox 419 3423 601 3434; baseline 0.005 -1"><span class='ocrx_word' id='word_1_236' title='bbox 419 3423 601 3434; x_wconf 47' lang='grc' dir='ltr'><strong>’.ιι-,α-</strong></span> 
     </span>
    </p>
   </div>
   <div class='ocr_carea' id='block_1_5' title="bbox 0 0 1258 3984">
    <p class='ocr_par' dir='ltr' id='par_1_36' title="bbox 0 0 1258 3984">
     <span class='ocr_line' id='line_1_37' title="bbox 0 0 1258 3984; baseline 0 0"><span class='ocrx_word' id='word_1_237' title='bbox 0 0 1258 3984; x_wconf 95' lang='lat' dir='ltr'><strong> </strong></span> 
     </span>
    </p>
   </div>
  </div>
 </body>
</html>
