2444 3984
210 273 250 334 20
539 287 564 333 n
592 287 662 334 suu.
681 285 866 334 ruvsuacus

210 425 319 501 Quales
342 433 410 484 tunc
430 425 531 503 epulas
552 426 645 504 ipsum
666 425 801 502 gluttisse
824 433 954 502 putamus

210 509 463 586 lnduperatorem,
488 525 573 588 quum
599 517 643 568 tot
663 511 814 583 sestertia,
838 515 950 585 partem

210 593 351 670 Exiguam
375 600 404 651 et
425 591 556 651 modicae
580 601 720 671 sumptam
742 591 778 651 de
801 593 930 668 margine
953 608 1075 669 coenae,
1164 603 1206 657 ³0

210 677 375 753 Purpureus
398 676 492 752 magni
514 677 635 736 ructarit
657 693 757 736 scurra
780 673 880 749 Palati,
1057 687 1059 692 ·

210 759 268 819 lam
292 759 428 837 princeps
451 759 595 835 equitum,
618 776 721 837 magna
744 760 793 837 qui
814 774 890 817 voce
913 758 1030 818 solebat

210 841 347 902 Vendere
370 842 528 919 municipes
551 842 643 903 fracta
665 842 702 902 de
723 859 821 901 merce
844 839 973 901 silurosl

211 926 326 1004 Incipe,
351 924 500 1002 Calliope,
523 925 593 985 licet
616 934 645 984 et
669 925 839 985 considere:
861 941 919 984 non
945 935 990 984 est

213 1008 405 1084 Centenium,
428 1026 476 1068 res
498 1026 568 1068 vera
592 1010 700 1086 agitur;
723 1016 854 1083 narrate,
877 1008 995 1085 puellae
1167 1019 1205 1072 35

212 1093 358 1159 Pierides;
382 1091 476 1169 prosit
498 1091 565 1151 mibi
586 1109 639 1151 vos
661 1091 770 1151 dixisse
795 1089 925 1169 puellas!

255 1174 348 1247 Quum
370 1175 426 1234 iam
449 1175 644 1234 semianimum
665 1175 810 1235 laceraret
832 1171 948 1233 Flavius
970 1174 1071 1234 orbem

212 1258 350 1332 Ultimus,
376 1266 404 1316 et
427 1258 511 1318 calvo
537 1259 662 1318 serviret
683 1258 774 1317 Roma
796 1256 916 1333 Neroni,

212 1340 314 1401 lucidit
338 1340 456 1400 Adriaci
479 1342 602 1420 spatium
624 1340 791 1402 admirabile
813 1340 925 1401 rhombi

213 1425 290 1484 Ante
312 1424 425 1484 domum
448 1424 589 1501 Veneris,
617 1443 700 1502 quam
721 1424 829 1484 Dorica
851 1425 973 1484 sustinet
995 1424 1109 1500 Ancon,
1169 1437 1206 1488 40

214 1507 406 1588 Inpleritque
431 1509 524 1576 sinus;
551 1526 606 1568 nec
629 1510 702 1567 enim
725 1511 817 1567 minor
838 1508 973 1568 haeserat
995 1507 1064 1584 illis,

215 1592 296 1665 Quos
319 1593 415 1670 operit
457 1592 548 1652 lacios
571 1590 715 1652 Maeotica
738 1600 881 1670 ruptaque
900 1592 1015 1652 tandem

215 1674 333 1734 Solibus
358 1609 478 1734 effundit
499 1676 636 1734 torrentis
658 1675 694 1736 ad
717 1677 792 1734 ostia
813 1674 907 1751 Ponti,

216 1757 334 1818 Desidia
357 1756 456 1817 tardos
478 1765 507 1816 et
533 1757 622 1834 longo
646 1758 757 1835 frigore
778 1759 911 1835 pingues.

214 1840 348 1900 Destinat
368 1840 426 1900 boc
448 1849 606 1900 monstrum
628 1840 747 1916 cymbae
768 1841 875 1920 linique
897 1843 1034 1918 magister
1174 1855 1209 1907 45

214 1924 346 1985 Pontilici
371 1941 489 1983 summo.
535 1924 607 1999 Quis
631 1925 706 1984 enim
727 1940 893 2003 proponere
916 1924 1004 1985 talem

215 2008 274 2066 Aut
297 2024 393 2068 emere
416 2007 552 2084 auderet,
577 2027 663 2088 quum
685 2007 771 2086 plena
791 2017 819 2067 et
841 2008 926 2068 litora
948 2008 1038 2068 multo

215 2091 356 2151 Delatore
379 2091 497 2152 forent?
525 2091 650 2171 dispersi
672 2092 801 2170 protinus
824 2092 910 2169 algae

215 2175 405 2254 Inquisitores
417 2184 540 2253 agerent
564 2193 627 2235 cum
652 2176 763 2253 remige
785 2175 874 2250 nudo,

216 2257 281 2316 Non
302 2257 456 2318 dubitaturi
480 2259 631 2336 fugitivum
652 2257 751 2318 dicere
777 2260 887 2337 piscem

216 2340 434 2419 Depastumque
457 2341 504 2401 diu
524 2343 634 2401 vivaria
656 2338 791 2402 Caesaris
814 2342 881 2402 inde

216 2422 356 2502 Elapsum
377 2432 508 2483 veterem
531 2425 567 2485 ad
588 2424 731 2484 dominum
752 2424 861 2485 debere
883 2425 1000 2484 reverti.

217 2507 248 2567 Si
271 2508 339 2585 quid
359 2506 505 2584 Palfurio,
528 2509 553 2568 si
575 2507 717 2568 credimus
740 2508 905 2579 Armillato,

218 2589 361 2667 Quidquid
383 2591 569 2670 conspicuum
591 2592 800 2670 pulchrumque
818 2600 864 2651 est
885 2607 1015 2670 aequore
1037 2599 1111 2667 toto,
1208 2595 1209 2641 l

218 2673 278 2734 Res
301 2673 364 2734 lisci
386 2683 447 2750 est,
470 2674 644 2754 ubicumque
666 2683 761 2736 natat:
783 2675 942 2736 donabitur·
959 2689 1042 2752 ergo,
1177 2685 1207 2738 bt

217 2755 262 2816 Ne
284 2765 397 2836 pereat.
443 2757 502 2818 Iam
525 2759 641 2821 letifero
665 2759 788 2819 cedente
813 2759 922 2838 pruinis

217 2840 378 2918 Autumno,
400 2843 456 2902 iam
481 2853 647 2921 quartanam
669 2842 851 2921 sperantibus
876 2843 985 2920 aegris,
1207 2913 1208 2926 χ

218 2924 367 2985 stridebat
392 2925 530 2986 deformis
553 2927 643 2995 biems
666 2925 861 3004 praedamque
885 2934 1034 2985 recentem
1207 2927 1208 2975 l

218 3007 376 3069 Servabat:
400 3018 495 3070 tamen
517 3010 566 3070 bic
588 3018 743 3088 properat,
766 3009 846 3068 velut
867 3016 971 3085 urgeat
996 3016 1104 3068 auster.
1206 3081 1207 3086 γ

218 3090 314 3170 thue
342 3092 422 3152 lacus
445 3093 595 3167 suberant,
618 3091 667 3150 ubi
690 3108 859 3170 quamquam
881 3091 973 3151 diruta
996 3101 1095 3151 servat
1174 3089 1207 3180 ⁶⁰l

218 3174 318 3253 Ignem
340 3174 493 3236 Troianum
517 3183 546 3234 et
567 3174 686 3234 Vestam
710 3174 779 3234 colit
804 3174 880 3236 Alba
902 3176 1051 3246 minorem,

220 3257 336 3318 Obstitit
358 3260 472 3318 intranti
493 3259 622 3317 miratrix
644 3257 726 3317 turba
749 3276 919 3338 parumper3
1206 3241 1207 3309 l

219 3339 257 3400 Ut
282 3343 387 3417 cessit,
412 3341 492 3400 iacili
514 3348 668 3418 patuerunt
690 3341 807 3402 cardine
828 3343 949 3411 valvae;
1205 3351 1206 3354 ’

219 3423 340 3482 Exclusi
363 3431 496 3499 spectant
518 3422 641 3483 admissa
665 3424 786 3486 obsonia
810 3436 918 3505 patres.

218 3505 278 3564 ltur
300 3504 336 3564 ad
358 3504 477 3564 Atriden
495 3526 501 3575 ;
525 3514 583 3566 turn
605 3507 725 3569 Picens:
751 3509 881 3589 Accipe,
904 3508 985 3582 dixit,
