2444 3984
199 289 272 336 xxx
390 261 397 274 '
594 287 801 336 assandum.

198 430 337 491 deitat'lll.
347 434 405 496 169,
417 444 463 486 nec
472 429 555 486 iamin
566 431 811 502 thosielisumplaoet.
832 429 965 504 nmo.
973 436 1025 491 316
1035 432 1142 505 &nique
1152 441 1179 489 al

197 517 277 587 ipsum
287 515 316 570 ab
328 515 425 586 antiquo
436 529 516 570 miore
524 521 616 584 repeto,
628 515 668 586 qui
676 530 750 586 quum
757 515 892 588 repuisssd
899 512 1081 571 'Sthenebomm
1090 516 1179 572 telmai

198 614 247 655 nou
257 599 361 668 videret,
373 598 502 653 molestum
511 598 692 668 participiorum
702 612 846 654 concursum
861 598 944 670 puou's
954 599 1027 655 modo
1036 599 1114 654 lenire
1125 601 1177 654 vel-

198 685 244 740 let:
257 683 380 738 absolutus
391 689 472 737 tamen
490 677 684 752 impersonalium
695 681 818 746 ablutum,
837 681 932 752 qudem
949 681 1179 756 nmcllemriclnins

198 783 268 840 psus
283 767 407 822 mosset
421 764 517 837 copulas
533 764 669 836 significare
681 765 778 828 statuit,
796 769 837 820 aut
849 763 895 830 (ut
911 765 1037 830 mnodum,
1046 771 1176 838 ιοιιιιιροηιι,

199 850 293 918 nomn)
303 848 433 920 praedicati
442 848 523 902 lomna
534 853 613 911 tenet,
625 854 666 903 aut
676 849 697 902 si
707 863 753 918 qua
762 848 864 904 subiecti
878 848 914 902 vis
924 848 986 904 inest
993 891 999 912 ‚
1006 849 1041 904 ad
1052 850 1178 921 agendum

199 934 279 1004 potius
289 947 360 1004 quam
369 931 399 987 ad
410 929 548 1000 patiendum
563 937 669 1001 spectat,
685 936 712 984 ut
728 931 781 986 l'er.
793 932 852 986 lieo.
864 930 892 987 V.
905 937 929 989 1.
941 937 975 989 1o
989 938 1086 1003 peccato
1097 947 1143 1002 pro
1154 949 1177 986 et

199 1033 260 1072 om
267 1022 388 1086 peccatam
397 1019 446 1077 est,
459 1013 510 1068 Cio.
521 1012 588 1069 'Fam
600 1014 673 1070 1114
687 1014 809 1086 &moto
826 1029 869 1084 pro
882 1029 956 1089 psum
969 1015 1104 1088 mccc,
1118 1015 1177 1070 Tae.

199 1101 260 1155 dun.
272 1097 314 1152 xi.
332 1101 366 1156 16
382 1101 515 1168 eoepwtsto
531 1111 573 1166 pro
588 1103 714 1170 postquam
725 1096 891 1170 ‘scematis
907 1097 970 1169 quod
988 1099 1010 1153 si
1024 1103 1108 1153 nostro
1119 1097 1177 1153 loeo

200 1180 305 1236 Phaedra
316 1187 340 1234 at
353 1178 504 1235 Stheneboea
512 1193 563 1235 aon
574 1181 719 1250 impulerunt,
728 1181 774 1236 sed
787 1181 968 1252 repulsaesmrt,
979 1182 1065 1236 merito
1076 1179 1126 1236 iam
1135 1180 1177 1236 Pi·

199 1264 295 1319 thocani
305 1270 427 1319 corrector
436 1263 532 1335 repulso
542 1264 630 1334 posuit.
638 1291 680 1304 -
691 1262 741 1319 Sat.
752 1264 795 1321 xl.
807 1279 830 1320 ιι.
841 1265 1081 1336 armannus,
1093 1264 1176 1320 mlius

200 1348 265 1402 lahn.
283 1363 304 1402 c.
320 1346 386 1403 libris
397 1345 492 1402 duobus
503 1346 585 1419 utique
595 1347 708 1413 vetustis,
720 1347 844 1404 Pidroeani
854 1355 935 1404 tamen
949 1349 1048 1418 ancipiti
1058 1347 1175 1413 subsidio,

200 1431 241 1502 qui
251 1431 360 1508 e...t'nc
376 1438 470 1487 tantum
491 1431 612 1486 missura
625 1431 736 1494 exhibet:
755 1431 869 1505 ambigua
884 1432 960 1505 igitur
978 1430 1088 1502 optione,
1100 1444 1177 1502 quum

200 1530 243 1585 pro
258 1531 368 1571 mntem
384 1516 456 1570 etiam
470 1515 552 1570 Horat
564 1514 640 1586 Epist.
657 1515 676 1570 l.
687 1520 713 1573 4.
727 1522 759 1574 11
770 1523 877 1589 pugnet,
890 1516 1014 1588 antiquum
1023 1513 1127 1570 retinam
1138 1519 1177 1567 tu·

199 1598 248 1654 tius
258 1599 332 1663 duui3
343 1599 473 1670 eademque
481 1600 595 1655 cautione
604 1616 626 1653 v.
634 1601 710 1658 diod
717 1601 816 1668 sommi,
829 1598 972 1655 ubilamnius
977 1597 1100 1654 Pidaoeaai
1110 1597 1178 1652 lacu-

200 1697 244 1736 nae
255 1696 311 1736 cum
319 1683 404 1752 paucis
411 1697 457 1736 nec
464 1682 590 1736 substituit
596 1699 604 1746 ;
615 1697 673 1736 mox
682 1690 762 1736 autem
772 1698 794 1738 v.
803 1686 838 1740 66
848 1682 922 1752 ipsius
932 1680 1080 1735 fundamenti
1091 1685 1177 1734 aucto·

201 1766 295 1820 ritatorn
312 1765 338 1819 in
352 1765 448 1833 sedpro
464 1764 637 1820 etiamne]
655 1771 737 1818 oontm
752 1763 985 1825 Iahniumsustiuui;
1003 1763 1034 1818 oi.
1046 1762 1138 1818 Vindio.
1150 1777 1175 1833 p.

203 1851 243 1906 17.
257 1875 295 1888 -
308 1847 335 1902 V.
346 1852 380 1907 99
391 1846 498 1917 spurium
507 1861 563 1902 esse
572 1845 723 1902 Heinriohius
736 1845 817 1902 laianio
828 1845 957 1917 persuasit,
969 1843 1177 1917 inibi‘nonmsgis

201 1946 273 2003 quam
291 1945 315 1987 v.
329 1935 392 1996 169,
410 1943 481 2002 mem
496 1931 571 2001 ipsius
587 1929 710 1986 Pithoeani
727 1929 840 1985 lidooum
852 1928 988 1985 dohaintn'o
1000 1929 1176 1999 transponendo

201 2015 324 2087 languoris
335 2022 400 2070 certe
410 2013 509 2070 crimine
519 2013 632 2070 liberasse
642 2013 700 2069 mihi
710 2012 805 2075 videor:
815 2028 861 2067 nec
869 2028 892 2067 ιι.
901 2016 960 2069 166.
974 2014 1023 2070 166
1035 2012 1176 2068 exturbandi

201 2113 273 2170 quarn
281 2098 469 2172 interpungendi
475 2097 621 2153 medicinam
632 2097 743 2153 adhihere
753 2095 833 2162 malui,
846 2111 892 2168 quo
904 2095 968 2150 laeto
978 2110 1121 2168 magnarum
1133 2095 1175 2151 do·

201 2196 286 2237 muum
299 2183 428 2246 lenocinia.
441 2181 528 2253 quibus
538 2195 570 2236 ne
580 2188 667 2250 nuptas
677 2179 832 2252 qainondam
842 2179 942 2249 pudeat,
958 2177 1056 2234 humili
1067 2179 1176 2235 fortuma

202 2265 304 2320 castitati
323 2271 372 2319 tam
390 2265 508 2326 concinne
524 2271 689 2334 opponamtur,
709 2261 783 2318 uthis
799 2262 886 2318 demtis
897 2261 1076 2318 eliminatam
1085 2263 1175 2317 mentio

202 2347 298 2403 dimidia
308 2349 424 2403 acuminis
433 2347 471 2402 sui
482 2355 549 2416 parte
559 2347 661 2402 cantura
673 2347 712 2400 sit.
746 2345 823 2402 Immo
832 2346 855 2401 si
864 2345 921 2418 quid
931 2346 956 2401 in
966 2345 1013 2401 luae
1021 2347 1093 2402 satira
1103 2346 1176 2400 inter·

201 2431 328 2500 potationis
341 2430 502 2501 suspicionem
512 2435 600 2495 movet
613 2429 660 2485 duo
671 2429 710 2485 illa
720 2427 869 2486 hemistichia
879 2436 943 2494 sunt,
955 2444 1043 2501 posen.
1055 2433 1114 2488 147.
1125 2432 1176 2486 148

202 2514 314 2568 cancellis
319 2514 413 2578 notavi3
426 2527 528 2586 qnorum
537 2513 639 2569 otiosam
644 2513 756 2570 dmitiem
761 2529 793 2568 ne
799 2513 943 2570 Pithooanus
948 2513 1044 2585 quidem
1053 2512 1175 2582 iomopno

201 2597 326 2653 scabendo
337 2597 405 2653 valde
416 2598 489 2658 lenit:
502 2603 623 2667 praeterea
632 2598 707 2653 semel
722 2598 853 2654 tantumab
864 2597 911 2654 hoo
921 2595 1019 2652 discessi
1028 2610 1051 2652 v.
1066 2597 1123 2661 116,
1133 2593 1174 2648 ubi

201 2682 244 2736 ios
262 2696 305 2750 pro
320 2681 364 2737 doc
378 2697 428 2737 non
445 2679 503 2735 mihi
512 2681 592 2753 magis
610 2695 681 2752 quarn
692 2681 809 2754 plerisque
818 2687 875 2737 anto
884 2679 992 2737 lamium
998 2677 1129 2734 editoribus
1137 2678 1175 2731 vel

201 2779 286 2819 sensus
295 2766 366 2820 unice
375 2765 547 2820 somniamus
558 2772 602 2824 est.
612 2793 650 2802 ·—
659 2763 709 2820 Sat.
718 2765 770 2821 llll.
782 2763 982 2839 1136666666
993 2761 1174 2832 Pith.o.plen‘s·

201 2862 255 2920 que,
267 2849 441 2922 poturoqoondo
457 2846 524 2903 lalrn.
543 2865 564 2903 c.
575 2848 774 2905 dohnrzdeisolrio
785 2855 810 2904 et
821 2848 953 2920 Madvigio;
966 2854 989 2902 at
997 2853 1173 2902 mutuassom-

202 2932 298 3002 parandi
314 2933 399 2988 rationi
411 2931 471 2987 haec
481 2947 577 3004 quoque
587 2933 688 2988 inversio
700 2933 826 3000 convenit,
846 2938 885 2995 ut,
904 2929 945 2985 ubi
955 2944 1036 2984 vemm
1048 2933 1173 3000 tempesta·

202 3021 251 3070 tem
262 3029 318 3069 oum
330 3016 422 3085 poetica
433 3017 714 3088 compararioxspectes,
725 3015 786 3072 daeo
795 3014 876 3086 potios
883 3012 988 3068 messim
998 3011 1028 3067 ad
1038 3011 1101 3066 illius
1110 3011 1173 3066 simi·

201 3098 327 3153 litudinem
342 3105 476 3157 reuocetur.
497 3127 533 3139 -
555 3101 582 3153 V.
592 3105 635 3160 61.
649 3106 684 3160 36
699 3098 793 3156 moris
811 3104 836 3152 et
852 3096 969 3169 masenot
979 3094 1050 3164 l’itln.¹
1062 3092 1140 3151 ardori
1150 3101 1175 3150 et

201 3182 335 3253 conferret
344 3181 411 3238 lahn.
423 3197 453 3238 ex
460 3183 604 3239 lachmanni
614 3185 750 3240 coniectura
760 3196 817 3237 cum
827 3179 951 3236 deterioris
962 3179 1065 3235 familiae
1074 3178 1174 3234 lectione

201 3265 330 3321 coniuncta
337 3285 343 3330 3
350 3273 438 3323 neutra
448 3281 505 3323 vero
517 3283 579 3338 opus
589 3281 656 3335 esse,
672 3266 745 3322 modo
754 3263 848 3321 ardoris
859 3263 889 3319 ab
902 3262 1082 3334 incmtsscogi,
1099 3261 1172 3317 stm-

201 3355 239 3404 toe
250 3349 280 3404 ad
286 3350 378 3424 poppis
394 3352 513 3422 pertinere
523 3350 697 3422 intelligamus,
714 3350 762 3405 iam
779 3346 994 3405 iulius-Rhenes.
1006 3347 1033 3404 Τ.
1046 3345 1077 3413 11,
1088 3361 1111 3415 p.
1122 3348 1173 3404 586

202 3433 289 3498 docui;
301 3435 362 3492 addo
371 3435 462 3492 Vindio.
477 3450 501 3505 p.
514 3439 556 3492 15.
573 3463 608 3472 -
622 3433 649 3488 11.
659 3437 695 3492 71
705 3431 799 3488 batim
810 3431 889 3497 codd..
899 3430 1003 3488 lucinio
1016 3429 1081 3485 lehn.
1093 3427 1172 3484 eodem

201 3517 316 3592 cymmi,
333 3535 405 3592 quam
421 3517 520 3591 Vergilii
533 3517 640 3572 editores
656 3516 752 3572 deneid.
770 3516 788 3571 l.
807 3515 1012 3588 apnobmommat
1022 3512 1109 3568 ibidem
1118 3509 1172 3566 Ser-

200 3601 253 3657 rius
263 3602 359 3659 domoc
370 3603 491 3673 praetulit,
503 3601 553 3656 sive
564 3601 668 3657 maxime
677 3600 729 3673 ipsc
738 3600 857 3674 Vergilius
868 3598 972 3656 Lacinio
982 3597 1113 3669 scripserat,
1124 3594 1169 3652 iam
