2444 3984
226 239 261 297 tt
285 288 287 293 .
546 245 580 314 n.
604 241 675 290 1nu.
699 241 885 330 munusque

222 388 360 466 Pauperis
384 386 432 445 hic
451 385 600 458 meritum,
620 385 644 442 si
665 391 749 463 curet
769 391 856 442 nocte
878 389 995 456 togatus

223 470 365 546 Currere,
387 476 612 547 quum,praetor
633 467 766 527 lictorem
786 463 917 544 impellat
937 473 967 523 et
987 466 1029 525 ire

221 555 414 633 Praecipitem
437 551 679 630 iubeat,dudum
699 549 884 628 uigilantibus
907 547 998 625 orbis,

221 638 265 698 Ne
288 639 368 716 prior
390 635 523 695 Albinam
547 644 577 694 et
599 633 724 694 Modiam
747 632 864 709 collega
888 631 1015 692 salutet?
1170 643 1208 697 13

220 723 324 783 Divitis
346 720 393 781 hic
416 721 494 779 servi
517 719 624 778 claudit
645 719 719 778 latus
742 718 931 794 ingenuorum

221 805 327 873 Filium
352 805 427 865 alter
449 803 538 877 enirn,
563 802 749 880 quantumin
772 802 890 879 legione
911 799 1036 861 tribuni·
1060 865 1064 870 ,

221 890 394 968 Accipiunt,
418 887 505 947 donat
528 884 735 945 Calvinae-vel
758 882 908 957 Catienae,

221 973 258 1034 Ut
277 971 370 1032 semel
404 982 452 1032 ant
484 971 589 1032 iterum
621 987 709 1048 super
731 968 808 1029 illam
823 967 968 1047 palpitet:
990 977 1083 1045 attu,

222 1057 315 1130 Quurn
337 1055 388 1114 tibi
406 1055 504 1113 vestiti
524 1054 617 1114 iacies
639 1053 729 1118 scorti
747 1052 862 1130 placet,
887 1051 993 1112 haeres
1167 1063 1208 1116 13:

221 1141 258 1200 Et
280 1139 394 1200 dubitas
416 1138 473 1196 alta
497 1134 628 1197 Chionen
651 1136 798 1196 deducere
820 1135 903 1196 sella.

221 1224 266 1284 Da
288 1231 394 1282 testem
410 1219 519 1280 Romae
537 1229 594 1281 tarn
613 1230 760 1296 sanctum,
784 1238 868 1298 quam
890 1218 943 1279 luit
964 1220 1074 1298 hospes

221 1307 350 1367 Numinis
373 1305 470 1379 Idaei,
494 1304 634 1382 procedat
655 1305 704 1364 vel
724 1302 815 1364 Numa
834 1303 885 1363 vel
909 1305 957 1382 qui

222 1391 356 1452 Servavit
376 1389 517 1468 trepidam
538 1389 670 1466 llagranti
689 1407 727 1447 ex
747 1388 821 1447 aede
843 1386 1015 1447 llineruam:
1145 1465 1148 1470 Ι

222 1476 354 1535 Protinus
376 1473 412 1534 ad
434 1490 566 1540 censum;
589 1471 777 1532 demonibus
799 1472 898 1531 ultirna
920 1472 970 1532 liet
1167 1482 1208 1534 14<

221 1559 378 1634 Quaestio:
403 1565 473 1635 quot
489 1558 582 1635 pascit
606 1553 729 1615 seruos?
748 1564 818 1633 quot
839 1555 971 1633 possidet
991 1556 1053 1632 agri

221 1639 347 1718 Iugera?
371 1641 561 1719 quammulta
582 1655 744 1718 magnaque
767 1639 925 1718 paropside
948 1637 1073 1699 coenat?

223 1726 364 1799 Quantum
389 1725 512 1802 quisque
535 1741 586 1783 sua
609 1740 785 1783 nurnnrorurn
808 1732 906 1783 servat
925 1725 953 1782 in
975 1739 1054 1798 arca,

223 1809 343 1868 'lautum
365 1807 503 1866 habetet
525 1807 606 1876 lidei;
629 1809 707 1866 iures
729 1807 800 1867 licet
824 1815 853 1867 et
873 1806 1093 1888 Samothracum
1185 1858 1189 1867 .

221 1892 259 1952 Et
278 1891 442 1951 nostrorum
464 1909 547 1968 aras,
572 1900 760 1951 contemnere
781 1891 898 1951 fulmina
919 1907 1032 1969 pauper
1138 1916 1143 1924 ·
1166 1901 1208 1953 145

223 1974 357 2036 Creditur
375 1984 461 2053 atque
481 1975 572 2052 deos,
591 1975 634 2036 dis
657 1975 876 2052 ignoscentibus
898 1975 979 2052 ipsis.

222 2060 297 2133 Quid
317 2059 394 2138 quod
418 2061 566 2120 materiam
584 2059 707 2137 praebet
728 2077 890 2139 causasque
911 2060 1042 2118 iocorum

128 2175 153 2218 ῃ
222 2142 359 2203 Omnibus
381 2143 428 2202 hic
451 2143 542 2219 idem,
564 2144 588 2203 si
609 2143 695 2203 foeda
719 2152 749 2202 et
771 2145 863 2203 scissa
887 2142 1015 2217 lacerna,

222 2228 253 2286 Si
275 2235 343 2304 toga
364 2225 512 2286 sordidula
533 2234 578 2286 est
600 2235 630 2286 et
651 2236 735 2305 rupta
755 2227 873 2288 calceus
895 2226 970 2287 alter

221 2309 303 2369 Pelle
325 2317 422 2387 patet,
442 2309 492 2368 vel
515 2310 539 2389 si
562 2319 683 2368 consuto
707 2310 828 2369 vulnere
850 2327 978 2369 crassum
1163 2319 1203 2372 ltt

222 2393 318 2471 Atque
337 2409 444 2451 recens
459 2392 552 2450 'linum
573 2393 699 2453 ostendit
720 2409 778 2452 non
800 2411 855 2453 nna
876 2392 1019 2470 cicatrix?

221 2475 268 2536 Nil
288 2475 377 2536 habet
399 2474 502 2536 inielix
522 2484 680 2555 paupertas
702 2476 801 2536 durius
823 2479 852 2535 in
873 2495 917 2553 ss,
1199 2533 1200 2540 ,

223 2561 314 2634 Quam
338 2557 415 2639 quod
436 2559 575 2620 ridiculos
598 2561 728 2620 homines
751 2559 828 2621 lacit.
874 2560 986 2636 Exeat,
1009 2561 1110 2639 inquit,
1198 2601 1199 2616 r

222 2646 253 2704 Si
274 2642 369 2723 pudor
390 2652 451 2721 est,
473 2653 502 2703 et
523 2644 560 2704 de
580 2644 697 2724 pulvino
720 2653 819 2723 surgat
840 2643 981 2724 equestri,
1018 2689 1022 2696 .

223 2726 311 2787 Cuius
332 2746 381 2788 res
403 2727 463 2806 legi
483 2745 542 2789 non
565 2729 689 2805 suflicit,
713 2738 743 2788 et
760 2729 882 2789 sedeant
902 2728 950 2788 hic

106 2835 120 2840 ··
222 2811 368 2872 henonum
390 2813 473 2890 pueri
498 2829 681 2892 quocumque
702 2815 730 2872 in
752 2813 865 2873 fornice
884 2813 958 2878 nati:
1019 2817 1071 2830 ''
1194 2845 1195 2897 q

220 2895 274 2956 llic
296 2895 413 2975 plaudat
435 2897 514 2957 nitidi
534 2898 690 2975 praeconis
712 2896 788 2956 lilius
808 2899 884 2956 inter
1193 2909 1194 2967 l

221 2979 364 3057 Pinnirapi
385 2981 478 3040 cultos
500 2982 621 3040 iuvenes
640 2981 820 3058 iuvenesque
842 2981 979 3040 lanistae:

222 3063 271 3122 Sic
287 3063 395 3122 libitum
413 3079 503 3140 vano,
524 3065 572 3142 qui
594 3079 648 3122 nos
670 3063 815 3138 distinxit,
837 3061 952 3124 Othoni.

222 3144 294 3219 Quis
316 3163 408 3221 gener
427 3146 476 3206 hic
497 3146 607 3223 placuit
630 3164 719 3206 censu
741 3147 833 3206 minor
850 3155 937 3226 atque
959 3147 1075 3226 puellae
1159 3159 1167 3210 l

223 3228 381 3288 Sarciunlis
404 3225 516 3307 impar?
536 3231 600 3308 quis
622 3247 735 3308 pauper
755 3229 890 3291 scribitur
903 3227 1022 3300 ¹heresi
1095 3253 1097 3257 ·

224 3310 344 3384 Quando
365 3312 393 3371 in
416 3313 537 3372 consilio
556 3322 603 3372 est
623 3311 787 3375 aedilibus?
808 3316 923 3392 agroino
944 3315 1022 3374 lacto

223 3393 391 3454 Debuerant
411 3396 478 3455 olim
498 3406 600 3458 tennes
622 3399 763 3475 migrasse
786 3398 923 3473 Quirites.

223 3477 304 3538 Haud
326 3478 412 3539 iacile
436 3490 603 3557 emergunt,
627 3499 748 3560 quorum
766 3483 919 3542 virtutibus
942 3481 1039 3542 obstat
