2438 3994
222 436 357 514 Cogebat
376 436 462 496 vacui
483 436 594 495 ventris
619 436 716 512 furor,
738 435 870 496 hostibus
892 438 963 516 ipsis
1152 453 1214 502 100t

221 521 367 582 Pallorem
392 537 427 580 ac
448 520 570 579 maciem
592 527 621 578 et
643 526 746 578 tenues
771 521 974 580 miserantibus
996 529 1086 597 artus,
1213 531 1214 536 ’

221 603 352 664 Membra
373 603 468 664 aliena
490 603 566 662 fame
589 602 776 678 lacerabant,
805 622 872 663 esse
894 606 986 683 parati
1213 665 1214 670 ,

222 688 260 748 Et
285 705 347 747 sua.
380 685 517 760 Quisnam
541 686 686 746 hominum
704 688 818 747 reniam
840 688 910 748 dare
937 689 1039 766 quisve
1063 689 1180 749 deorum

222 771 377 832 Ventribus
401 769 541 830 abnueret
558 769 620 829 dira
643 779 730 848 atque
750 772 880 831 immania
902 773 996 849 passis

222 855 260 916 Et
282 853 386 934 quibus
408 853 523 914 illomm
543 863 678 932 poterant
698 855 854 931 ignoscere
875 873 985 930 manes,
1158 869 1201 920 105

223 939 351 1012 Quorum
373 937 546 1016 corporibus
567 934 782 997 vescebantur?
804 936 908 996 blelius
930 955 984 998 nos
1213 987 1214 1002 r

223 1023 349 1082 Zenonis
370 1030 531 1100 praecepta
552 1030 682 1090 monent;
709 1039 766 1080 nec
786 1023 861 1081 enim
883 1023 993 1098 omnia,
1021 1024 1161 1102 quaedam
1213 1031 1214 1102 t

222 1105 278 1165 Pro
302 1105 361 1164 vita
381 1103 516 1165 iacienda
538 1113 652 1182 putant:
681 1105 734 1163 sed
756 1103 901 1165 Cantaber
922 1106 998 1166 unde
1213 1155 1214 1186 ,

223 1188 354 1264 Stoicus,
375 1187 484 1265 antiqui
506 1190 678 1265 praesertim
696 1195 791 1248 aetate
813 1186 947 1249 Metelli?
1213 1191 1214 1272 l

221 1270 304 1331 Nunc
326 1280 403 1331 totus
427 1270 527 1330 Graias
549 1280 722 1350 nostrasque
746 1272 834 1332 habet
855 1273 935 1332 orbis
958 1273 1100 1350 Athenas,
1157 1281 1214 1336 110

223 1353 316 1416 Gallia
341 1355 505 1415 causidicos
528 1353 626 1414 docuit
651 1355 774 1416 facunda
795 1355 956 1433 Britannos,

222 1439 267 1499 De
291 1439 481 1500 conducendo
506 1439 662 1517 loquitur
653 1456 709 1498 ram
729 1439 848 1500 rhetore
871 1441 975 1516 Thyle.

222 1521 335 1582 Nobilis
362 1522 413 1583 illc
436 1532 532 1582 tamen
553 1522 696 1602 populus,
725 1541 810 1601 quem
836 1524 972 1599 diximus,
1001 1534 1030 1583 et
1054 1542 1108 1604 par

222 1606 335 1666 Virtute
361 1616 449 1684 atque
475 1607 549 1682 lide,
573 1606 627 1667 sed
648 1609 740 1666 maior
762 1607 860 1684 clade,
884 1609 1039 1684 saguntus,

223 1689 294 1750 'lale
316 1689 384 1767 quid
407 1698 543 1749 excusat:
572 1689 719 1751 blaeotide
741 1693 857 1751 saevior
879 1709 928 1752 ara
1158 1704 1203 1754 tto

222 1772 386 1850 Aegyptus.
426 1771 542 1851 Quippe
564 1773 614 1833 illa
635 1774 750 1834 nefandi
775 1774 896 1834 Taurica
922 1777 998 1834 sacri

223 1856 368 1915 luventrix
389 1856 520 1916 homines
545 1858 685 1936 (utiam,
711 1875 785 1936 quae
808 1859 933 1919 carmina
955 1858 1078 1935 tradunt,

225 1939 316 2016 Digna
339 1940 395 2000 lide
419 1941 539 2020 credas)
562 1950 670 2001 tantum
695 1941 837 2018 immolat,
859 1943 980 2002 ulterius
1001 1936 1041 2001 nil

223 2032 281 2083 Aut
304 2025 421 2101 gravius
444 2024 536 2084 cultro
559 2026 640 2085 timet
662 2026 770 2086 hostia:
798 2027 861 2103 quis
883 2026 969 2087 modo
994 2045 1079 2086 casus
1213 2089 1214 2104 ἶ

222 2107 337 2186 Impulit
358 2105 434 2168 hosi
463 2126 538 2187 quae
559 2117 637 2169 tanta
660 2110 751 2169 lames
772 2110 935 2188 infestaque
958 2110 1037 2170 vallo
1160 2109 1214 2172 120³

223 2191 310 2250 Arma
335 2201 497 2269 coegerunt
519 2201 577 2253 tam
603 2193 776 2253 detestabile
799 2204 957 2254 monstrum
1020 2262 1021 2265 Ἴ

223 2271 365 2334 Audere?
391 2293 464 2334 aune
487 2276 588 2350 aliam,
615 2285 693 2337 terra
714 2275 900 2355 Memphitide
924 2279 1014 2352 sicca,

222 2357 360 2417 Invidiam
380 2358 512 2418 iacerent
535 2360 645 2419 nolenti
669 2378 790 2436 surgere
813 2359 904 2420 Nilo?
1213 2409 1214 2436 ,

223 2439 287 2514 Qua
310 2458 366 2500 nec
389 2440 535 2501 terribiles
559 2439 666 2501 cimbri
687 2461 743 2502 nec
763 2443 897 2503 Bistones
920 2464 1053 2524 umquam
1213 2437 1214 2512 l

223 2525 470 2604 Sauromataeque
491 2533 589 2584 truces
614 2534 662 2585 aut
687 2526 823 2585 immanes
845 2527 1013 2606 Agathyrsi,
1160 2535 1214 2592 mol

222 2606 284 2666 llac
306 2608 399 2668 saevit
420 2607 501 2668 rabie
524 2608 642 2670 imbelle
666 2618 696 2669 et
719 2609 818 2669 inutile
840 2611 956 2689 vulgus,
1213 2633 1214 2694 t

222 2691 345 2752 Parvula
365 2692 501 2752 fictilibus
524 2693 641 2753 solitum
662 2693 732 2754 dare
753 2694 820 2754 vela
842 2695 971 2774 phaselis
1213 2705 1214 2766 j

222 2773 261 2833 Et
285 2773 422 2835 brevibus
445 2778 542 2854 pictae
563 2779 650 2836 remis
677 2776 844 2838 incumbere
865 2788 969 2840 testae.
1082 2813 1091 2841 ο.
1213 2783 1214 2850 l

222 2856 286 2918 Nec
308 2877 432 2938 poenam
454 2861 591 2921 sceleri
582 2863 730 2938 unvenies,
752 2881 808 2922 nec
829 2862 915 2940 digna
937 2864 1052 2942 parabis
1213 2857 1214 2868 ¹

223 2942 372 3021 Supplicia
393 2943 438 3003 his
463 2945 597 3024 populis,
622 2946 650 3004 in
673 2963 794 3024 quorum
814 2957 909 3006 mente
933 2966 1019 3026 pares
1042 2957 1109 3008 sunt
1162 2958 1204 3010 t3o

222 3025 260 3084 m
282 3026 423 3086 similes
413 3046 457 3087 rra
478 3038 565 3107 atque
584 3030 685 3088 fames.
717 3027 886 3091 Mollissima
909 3032 997 3091 corda

222 3107 352 3168 humano
376 3113 478 3186 generi
499 3112 569 3172 dare
595 3131 628 3172 se
651 3122 750 3174 natura
771 3114 888 3190 fatetur,

224 3190 306 3263 Quae
330 3191 463 3253 lacrimas
486 3194 578 3263 dedit;
602 3195 677 3256 haec
696 3199 787 3257 nostri
807 3217 875 3276 pars
893 3199 1005 3298 'optima
1027 3217 1144 3258 sensus.

223 3274 342 3334 Plorare
365 3293 438 3354 ergo
460 3277 541 3337 iubet
565 3296 680 3340 causam
701 3281 822 3340 dicentis
845 3283 928 3342 amici

223 3358 454 3438 squaloremque
477 3362 522 3420 rei
529 3363 700 3461 ,pupillum
722 3363 787 3424 ad
777 3383 839 3425 rura
862 3375 1015 3426 vocantem
1160 3374 1205 3428 135

224 3439 528 3521 circumscriptorem,
551 3447 630 3505 cuius
653 3450 793 3508 manantia
815 3449 884 3510 lietu

224 286 282 347 102
551 297 587 343 n.
610 295 682 343 run.
705 295 892 345 rnvnuums

222 3523 280 3585 Ora
303 3525 451 3604 puellares
475 3529 583 3589 faciunt
608 3530 716 3639 incerta
739 3533 847 3611 capilli.
