2438 3994
223 300 264 362 82
551 309 588 357 n.
610 309 682 357 run.
704 308 890 356 ruvuunnrs

225 454 262 513 Et
284 468 435 530 numquam
453 449 525 509 visis
547 448 663 527 triginta
686 447 765 508 clara
788 447 930 507 mamillis.

225 536 353 598 'laudern
373 535 459 594 intrat
478 533 589 611 positas
611 532 722 592 inclusa
742 549 797 610 per
818 548 947 610 aequora
969 532 1064 593 moles
1185 540 1211 596 it

226 620 463 698 Tyrrhenamque
484 615 595 696 pharon
617 623 813 694 porrectaque
835 613 953 676 brachia
976 634 1100 692 rursum,

226 705 309 778 Quas
331 702 438 782 pelago
462 707 616 761 occurrunt
635 699 730 759 medio
753 699 902 777 longeque
922 699 1090 778 relinquunt

226 787 337 849 ltaliam
355 786 435 864 (non
457 785 502 844 sic
523 784 611 861 igitur
628 782 774 843 mirabere
794 791 908 860 portus,

226 871 307 944 Quos
329 877 428 930 natura
449 867 565 947 dedit);
588 867 642 928 scd
662 876 762 927 tmnca
786 884 884 944 puppe
904 867 1045 943 magister

225 955 366 1014 Interiora
387 953 460 1032 petit
480 951 605 1013 Baianae
623 952 724 1030 pervia
748 949 881 1025 cymbae,
1188 960 1211 1014 8(

226 1037 291 1098 'luti
314 1046 415 1114 stagna
437 1035 532 1111 sinus,
555 1034 682 1112 gaudmn
703 1033 751 1093 urbi
773 1034 886 1094 vertice
908 1049 975 1094 raso

227 1120 348 1182 Garrula
369 1119 465 1179 securi
487 1136 605 1179 namara
623 1117 754 1197 pericula
775 1125 889 1177 nautae.

268 1204 311 1264 lte
331 1204 434 1280 igitur,
457 1203 559 1280 pueri,
581 1201 688 1280 linguis
711 1202 870 1280 animisque
892 1201 1037 1277 faventes,

227 1290 371 1366 Sertaque
393 1285 524 1347 delubris
545 1293 575 1345 et
593 1286 670 1346 iarra
692 1286 830 1363 imponite
851 1285 952 1345 cultris

227 1372 272 1432 hc
293 1370 398 1431 molles
420 1378 520 1430 ornate
542 1370 627 1430 iocos
650 1369 824 1448 glebamque
847 1368 1002 1428 virentem!
1189 1381 1211 1436 m

226 1456 286 1516 lam
308 1471 416 1533 sequar
439 1462 468 1514 et
490 1471 592 1530 sacro,
610 1453 689 1533 quod
710 1461 857 1531 praestat,
876 1453 931 1513 rite
953 1461 1076 1530 peracto

226 1538 296 1600 lude
318 1538 433 1598 domum
455 1546 603 1615 repetam,
622 1537 749 1615 graciles
771 1535 819 1596 uhi
840 1553 931 1614 parva
954 1552 1082 1597 coronas

227 1622 382 1700 Accipiunt
403 1621 499 1697 iragili
521 1620 673 1681 simulacra
695 1621 814 1680 nitentia
833 1638 911 1680 cera.

226 1706 281 1766 llic
300 1713 429 1764 nostrum
452 1703 577 1783 placabo
597 1703 697 1764 lovem
718 1702 896 1782 Laribusque
919 1705 1050 1782 paternis

227 1788 303 1849 Tura
324 1787 400 1849 dabo
423 1796 510 1866 atque
533 1805 634 1847 omnes
654 1787 752 1848 violae
774 1787 889 1848 iactabo
911 1787 1039 1848 colores.
1189 1800 1211 1854 o(

228 1871 339 1932 Cuncta
361 1871 465 1939 nitent;
485 1871 591 1949 longos
614 1873 708 1932 erexit
728 1873 810 1932 ianua
833 1888 930 1932 ramos

226 1956 265 2017 Et
286 1956 428 2017 matutinis
448 1965 587 2035 operatur
609 1956 684 2017 festa
704 1956 841 2016 lucernis.

226 2038 291 2100 Nec
314 2049 450 2118 suspecta
472 2039 524 2099 tibi
546 2040 602 2101 sint
621 2039 710 2116 haec,
734 2038 876 2100 corvine:
900 2037 1042 2116 Catullus,

226 2124 384 2184 Proculus
407 2124 500 2184 reditu
522 2132 565 2184 tot
586 2141 664 2204 pono
687 2124 798 2199 altaria,
822 2140 932 2202 parvos
1209 2123 1210 2169 l

228 2207 302 2268 'l'res
324 2207 412 2268 habet
433 2207 571 2269 heredes.
615 2207 699 2268 bibet
719 2216 912 2285 exspectare,
936 2207 1001 2287 quis
1018 2225 1146 2286 aegram
1188 2217 1209 2272 at

227 2290 265 2351 lit
286 2290 468 2351 claudentem
492 2290 593 2350 oculos
615 2291 751 2367 gallinam
772 2292 918 2369 impendat
939 2291 1031 2352 amico
1208 2305 1209 2348 l

227 2373 298 2434 Tam
315 2372 421 2440 sterili;
441 2391 541 2432 verum
562 2374 636 2433 haec
657 2375 741 2434 nirnra
763 2375 975 2452 estimpensa:
997 2378 1140 2438 coturnix

227 2455 313 2516 Nulla
332 2473 464 2534 umquam
485 2472 539 2534 pro
562 2465 644 2534 patre
664 2456 757 2517 cadet.
802 2457 917 2517 Sentire
939 2459 1069 2520 calorem

227 2540 258 2600 Si
279 2538 378 2617 coepit
399 2537 534 2618 locuples
556 2537 672 2601 Gallitta
693 2549 722 2600 et
743 2540 864 2601 Paccius
887 2542 961 2619 orbi,

226 2623 368 2701 legitime
391 2622 456 2684 fixis
476 2624 599 2683 vestitur
621 2632 681 2685 tota
701 2624 810 2685 libellis
1174 2631 1207 2707 loq

226 2708 377 2782 Porticus,
401 2708 544 2768 exsistunt
566 2709 614 2788 qui
638 2709 804 2788 promittant
825 2708 1035 2778 hecatomben:

228 2792 376 2865 Quatenus
397 2790 521 2853 hicnon
541 2801 605 2852 sont
627 2811 683 2853 nec
705 2794 827 2854 venales
849 2792 1006 2872 elephanti,
1205 2797 1206 2885 q

225 2872 290 2936 Nec
311 2874 391 2936 batio
415 2884 463 2937 aut
484 2895 604 2956 usquam
626 2877 680 2937 sub
701 2886 802 2937 nostro
828 2877 926 2938 sidere
947 2877 1014 2937 talis

226 2959 327 3021 Bellua
350 2961 529 3038 concipitur,
553 2960 607 3021 sed
628 2961 710 3022 furva
729 2970 820 3039 gente
844 2962 936 3039 petita
1187 2971 1205 3110 (p

226 3042 389 3104 Arboribus
411 3043 523 3104 Rutulis
546 3054 575 3104 et
597 3043 684 3104 'lurni
705 3047 834 3124 pascitur
852 3061 936 3122 agro,
1175 3060 1204 3118 1¹

228 3122 364 3186 caesaris
386 3136 559 3201 armentum,
581 3127 652 3188 nulli
672 3131 784 3189 servire
806 3137 935 3206 paratum

226 3208 355 3275 Privato:
379 3210 521 3288 siquidem
544 3210 632 3286 Tyrio
653 3230 757 3290 parere
781 3212 915 3272 solebant

226 3291 378 3353 Hannibali
400 3302 429 3352 et
446 3295 553 3353 nostris
575 3294 697 3355 ducibus
714 3297 837 3374 regique
858 3294 990 3356 lllolosso
1201 3289 1203 3424 q

226 3373 333 3435 Horum
355 3377 481 3436 maiores
501 3395 536 3437 ac
558 3379 647 3438 dorso
670 3379 749 3439 icrre
773 3379 912 3440 cohortes

227 3457 341 3518 Partem
361 3458 486 3538 aliquam
504 3459 634 3540 bellique
656 3472 685 3523 et
707 3472 821 3524 euntem
841 3466 869 3524 in
887 3463 1000 3543 proelia
1016 3473 1141 3525 turrem.
1174 3479 1185 3530 1

226 3539 311 3601 Nulla
329 3542 416 3618 igitur
437 3561 517 3606 mora
537 3564 591 3624 per
612 3545 750 3623 Novium,
773 3565 853 3609 mora
875 3547 953 3609 nulla
973 3565 1027 3626 per
1046 3546 1180 3610 llistrum
