2438 3994
389 280 514 329 sununs
533 283 608 330 vsu.
950 278 990 338 53

12 419 173 500 {corvinum
195 430 226 481 et
247 419 366 480 Galbam
386 420 522 480 auriculis
541 439 670 502 nasoque
692 422 858 484 carentem?
971 442 987 494 5

11 504 76 576 Quis
95 504 225 580 fructus,
248 505 367 580 generis
389 503 487 564 tabula
508 505 617 565 iactare
637 507 751 584 capaci]

12 585 175 665 Corvinum,
199 586 322 666 posthae
341 587 429 647 multa
452 589 621 665 contingere
642 589 724 664 virga

9 669 145 732 Fumosos
166 673 294 749 equitum
316 688 380 730 eum
400 670 541 730 dictatore
560 672 730 749 magistros,

8 754 37 814 Si
57 771 155 814 coram
176 752 297 832 Lepidis
317 753 393 813 male
413 752 538 813 vivitur?
560 754 675 831 effigies
695 772 752 833 quo

8 835 59 920 slot
80 837 271 914 bellatorum,
295 838 319 895 si
340 837 446 896 luditur
468 837 533 898 alea
553 855 665 916 pernox

8 919 78 980 llute
99 917 311 980 Numantinos?
333 921 358 978 si
379 920 505 980 dormire
526 922 629 1000 incipis
652 929 717 980 ortu

8 1003 144 1079 Luciferi,
166 1020 223 1081 quo
245 1004 328 1080 signa
351 1003 439 1063 duces
463 1012 492 1062 et
514 1013 609 1064 castra
631 1003 807 1066 movebant?

9 1083 60 1164 Gur
81 1085 287 1164 Allobrogicis
310 1095 339 1146 et
357 1105 461 1163 magua
482 1087 609 1164 gaudeat
630 1107 680 1149 ara

9 1167 91 1230 Natus
115 1170 145 1229 iu
166 1169 314 1230 llerculeo
336 1168 443 1246 Fabius
464 1170 543 1246 lare,
567 1173 592 1231 si
614 1171 754 1250 cupidus,
778 1174 803 1232 si

8 1251 99 1402 ganas
122 1261 153 1313 et
173 1251 315 1331 Euganea
337 1255 516 1331 quantumvis
537 1254 654 1315 mollior
675 1253 772 1331 agnal

25 1337 188 1396 itenerum
210 1339 322 1396 attritus
344 1335 491 1396 Catinensi
513 1339 628 1416 pumice
647 1337 772 1398 lumbum

8 1419 179 1676 pqualeutcs
195 1420 320 1481 traducit
339 1437 410 1480 avos
433 1429 604 1500 emptorque
624 1417 730 1481 veneni

27 1503 175 1581 rangeuda
195 1505 328 1564 miseram
352 1503 479 1564 funestat
500 1505 624 1581 imagine
644 1501 783 1581 gentem?

28 1597 72 1646 ota
96 1587 170 1647 licet
191 1596 310 1648 veteres
331 1596 474 1648 exornent
494 1588 619 1666 undiquc
643 1605 730 1647 cerae

8 1669 98 1824 lma’
119 1669 258 1731 nobilitas
279 1670 342 1730 sola
365 1679 410 1730 est
430 1680 516 1748 atque
537 1672 622 1731 unica
640 1672 741 1730 virtus.

26 1754 107 1813 aulus
128 1753 180 1812 vel
205 1752 314 1813 Cossus
337 1753 386 1814 vel
405 1753 518 1814 Drusus
536 1755 665 1815 moribus
684 1764 765 1824 esto;

8 1827 60 2066 pos
82 1845 153 1897 ante
174 1837 289 1915 efligies
309 1839 447 1898 malorum
468 1855 546 1917 pone
569 1847 699 1908 tuorum;

26 1921 187 1981 raecedant
209 1922 288 2000 ipsas
310 1921 352 1981 illi
372 1931 403 1982 te
423 1921 543 1982 consule
566 1923 674 1999 virgas.

25 2022 94 2064 uma
114 2004 185 2063 mibi
207 2004 300 2064 debes
322 2006 406 2065 animi
427 2005 520 2074 bona;
545 2014 661 2065 sanctus
682 2004 783 2066 haberi

8 2067 192 2166 lustitiaeque
210 2097 299 2148 tenax
320 2087 405 2148 iactis
427 2089 570 2168 dictisque
590 2089 729 2148 mereris:

8 2169 145 2252 Agnosco
169 2188 334 2250 procerem.
379 2172 484 2249 Salve,
510 2171 676 2248 Gaetulice,
700 2191 753 2232 seu
773 2181 804 2232 tu

8 2253 133 2320 idanus:
154 2272 336 2334 quocumque
358 2256 415 2316 alio
438 2256 474 2316 de
494 2257 633 2333 sanguiue
654 2273 737 2316 rarus

8 2333 83 2398 divis
105 2348 136 2398 et
158 2340 297 2416 egregius
319 2341 430 2418 patriae
451 2341 594 2416 contingis
615 2341 727 2416 ovanti,

8 2415 176 2482 Exclamare
196 2422 284 2498 libet,
306 2422 431 2501 populus
451 2423 528 2503 quod
552 2423 656 2484 elamat
677 2423 754 2485 Osiri

8 2499 133 2580 invento.
180 2504 252 2580 Quis
272 2507 349 2566 enim
366 2524 543 2584 generosum
566 2508 671 2567 dixerit
689 2508 781 2585 huno,
802 2511 851 2588 qui

8 2583 140 2666 ludignus
158 2607 269 2667 genere
291 2599 321 2650 et
342 2591 495 2670 praeclaro
517 2592 632 2651 nomine
655 2600 761 2651 tantum

8 2667 151 2749 lusignis?
173 2691 275 2733 nauum
297 2674 444 2735 cuiusdam
460 2674 579 2734 Atlanta
600 2691 749 2751 vocamus,

8 2753 181 2834 Aethiopem
198 2761 343 2836 Cycnum,
365 2776 482 2837 pravam
506 2767 706 2836 extortamque
727 2756 854 2836 puellam

8 2833 159 2918 lluropeu3
183 2840 301 2901 canibus
323 2843 416 2920 pigris
434 2841 593 2921 scabicque
616 2849 730 2901 vetusta

8 2917 130 2982 levibus
153 2933 183 2982 et
204 2925 303 2984 siccae
323 2925 515 2985 lambentibus
538 2942 589 2985 ora
612 2925 749 2985 lucernae
956 2932 991 2986 35

8 3001 115 3065 Nomen
137 3008 192 3066 erit
214 3005 338 3086 pardus,
360 3009 460 3086 tigris,
485 3008 550 3085 leo,
575 3008 683 3086 siquid
701 3006 794 3076 adhuc
816 3014 861 3066 est

8 3085 87 3159 Quod
104 3089 212 3151 fremat
232 3093 261 3150 in
279 3092 366 3151 terris
385 3089 562 3152 violentius?
605 3090 686 3169 Ergo
709 3089 827 3151 cavebis

8 3167 40 3229 Et
59 3183 192 3252 metues,
216 3194 253 3235 ue
275 3185 305 3235 tu
327 3177 370 3235 sie
391 3173 525 3235 Creticus
547 3182 596 3236 aut
617 3173 795 3236 Camerinus.

44 3255 95 3316 llis
119 3274 179 3336 ego
202 3277 288 3337 quem
309 3257 427 3319 monui‘l
454 3261 550 3319 tecum
566 3268 613 3319 est
629 3260 697 3319 mihi
718 3275 832 3335 sermo,
853 3254 970 3316 Rubelli

8 3333 123 3401 blande.
170 3340 277 3402 Tumes
300 3342 359 3403 alto
380 3343 539 3403 Drusorum
562 3351 730 3419 stemmate,
751 3351 894 3421 tamquam
958 3349 993 3401 so

8 3417 123 3484 leceris
144 3426 212 3505 ipse
234 3425 358 3505 aliquid,
378 3427 595 3506 propterquod
617 3425 723 3486 nobilis
745 3443 840 3502 esses,

9 3501 39 3564 Ut
58 3517 87 3568 te
106 3511 298 3588 conciperet,
322 3529 396 3588 quae
420 3511 558 3587 sanguine
580 3509 673 3586 fulget
692 3509 757 3586 lull,
