2444 3984
216 253 255 314 :to
559 264 594 310 o.
619 262 899 311 rou.1uvuunn1s

215 403 411 464 chironomon
432 400 538 461 Ledam
557 401 638 461 molli
660 401 783 461 saltante
806 401 951 478 Bathyllo,

215 488 322 548 Tuccia
347 488 420 547 vesi.
487 502 544 545 non
565 487 702 563 imperat;
725 483 841 562 Appula
863 488 971 562 gannit,

215 574 295 633 Sicut
315 573 343 630 in
366 570 518 648 amplexu,
544 568 674 628 subidum
695 577 724 627 et
745 569 925 638 miserabile;
950 571 1068 648 longum

214 655 344 716 Attendit
367 652 524 730 Thymelo;
549 652 689 732 Thymele
712 662 778 712 tunc
800 655 907 713 rustica
931 654 1025 715 discit.

213 740 268 799 Ast
291 740 384 815 aliae,
409 738 523 816 quoties
546 738 648 798 aulaea
670 738 821 797 recondita
845 749 973 814 cessant,

213 823 250 884 Et
273 839 367 884 uacuo
392 823 551 900 clausoque
573 830 677 882 sonant
701 822 765 881 fora
788 821 852 882 sola
873 821 999 899 theatro,

213 907 310 986 Atque
333 926 350 968 a
372 905 499 967 Plebeiis
521 905 609 983 longe
632 903 811 982 Megalesia,
835 907 934 966 tristes

213 991 369 1052 Personam
390 990 577 1067 thyrsumque
603 997 702 1048 tenent
725 997 754 1048 et
777 989 907 1066 subligar
930 991 1013 1051 Acci.

213 1074 337 1136 Urbicus
361 1073 468 1133 exodio
491 1074 580 1131 risum
601 1080 699 1131 movet
723 1072 878 1132 Atellanae

214 1158 349 1219 (testibus
371 1156 537 1216 Autonoes:
561 1156 636 1215 hunc
660 1155 754 1233 diligit
777 1155 862 1217 Aelia
884 1174 1006 1236 pauper.

213 1239 407 1301 Solvitnr'his
429 1255 533 1318 magno
554 1239 688 1299 comoedi
711 1239 814 1309 fibula3
834 1249 900 1300 sunt
922 1259 997 1319 quae

213 1323 436 1401 chrysogonum
458 1332 575 1384 cantare
594 1332 707 1392 vetent;
732 1322 864 1400 Hispulla
886 1326 1028 1401 tragoedo

213 1408 341 1470 Gaudet:
369 1425 405 1466 an
427 1418 602 1486 exspectas,
623 1417 653 1467 ut
676 1406 867 1480 Quintilianus
891 1406 1022 1468 ametur?

214 1492 332 1570 Accipis
354 1508 492 1567 uxorem,
517 1492 554 1552 de
578 1509 634 1570 qua
659 1491 845 1551 citharoedus
867 1490 980 1552 Echion

213 1577 269 1637 Aut
292 1574 456 1654 Glaphyrus
477 1575 526 1636 fiat
547 1585 632 1654 pater
655 1575 884 1654 Ambrosiusque
907 1576 1073 1638 choraules.

213 1659 311 1738 longa
333 1677 388 1738 per
409 1668 549 1735 angustos
572 1659 693 1736 ligamus
714 1659 825 1737 pulpita
845 1660 939 1736 vicos,

212 1744 357 1805 Ornentur
379 1752 482 1820 postes
508 1752 537 1804 ct
558 1742 660 1820 grandi
682 1744 765 1803 ianua
785 1742 879 1819 lauro,

213 1828 249 1889 Ut
265 1827 432 1889 testudineo
455 1825 523 1902 tibi,
548 1825 688 1902 Lentule,
712 1842 848 1905 conopeo

117 1969 119 1976 ,
211 1911 325 1972 Nobilis
349 1909 505 1985 Euryalum
528 1911 729 1971 mirmillonem
752 1913 893 1989 exprimat
920 1910 1023 1971 inians.

211 1995 306 2075 Nupta
336 1996 464 2055 senatori
487 1996 621 2055 comitata
643 2003 688 2054 est
711 1994 805 2074 Eppia
829 1994 935 2054 ludium

213 2080 256 2140 Ad
280 2078 394 2140 Pharon
418 2087 447 2138 et
469 2077 564 2139 Nilum
586 2079 756 2157 famosaque
780 2079 893 2138 moenia
915 2077 998 2156 Lagi,

211 2163 346 2241 Prodigia
368 2171 397 2223 et
419 2179 518 2222 mores
543 2163 623 2223 urbis
646 2164 798 2222 damnante
822 2159 954 2240 Ganopo.

211 2247 363 2308 Immemor
383 2246 434 2307 illa
457 2246 558 2306 domus
582 2255 612 2304 et
635 2247 765 2322 coniugis
788 2254 875 2323 atque
897 2247 1008 2306 sororis
1171 2256 1201 2311 81

211 2330 259 2391 Nil
281 2330 392 2409 patriae
415 2329 548 2402 indulsit,
572 2328 783 2406 plorantesque
804 2328 935 2406 improba
956 2339 1052 2406 natos,

210 2414 308 2492 thue
331 2415 423 2489 magis
445 2422 579 2490 stupeas,
602 2409 687 2471 ludos
709 2410 899 2489 Paridemque
920 2413 1047 2493 reliquit.

212 2497 273 2559 Sed
296 2513 466 2574 quamquam
486 2497 516 2554 in
537 2496 647 2572 magnis
671 2495 776 2573 opibus
797 2495 951 2575 plumaque
974 2506 1097 2576 palerna

211 2581 249 2642 Et
272 2579 457 2657 segmentatis
481 2579 637 2639 dormisset
654 2577 775 2657 parvula
795 2580 888 2656 cunis,

213 2663 392 2741 Contempsit
403 2660 541 2740 pelagus;
556 2662 660 2722 lamam
683 2672 898 2741 contempserat
921 2665 1006 2740 olim,
1171 2674 1200 2731 oo

212 2746 302 2807 (iuius
324 2745 401 2823 apud
422 2744 526 2805 molles
547 2748 660 2806 minima
684 2755 729 2806 est
749 2749 859 2807 iactura
882 2747 1046 2809 cathedras.

212 2830 381 2908 Tyrrhenos
404 2829 490 2905 igitur
512 2829 616 2890 ductus
638 2829 756 2908 lateque
780 2839 931 2890 sonantem

211 2914 333 2977 Pertulit
355 2913 462 2974 lonium
487 2915 629 2975 constanti
651 2923 792 2992 pectore,
816 2915 945 2992 quamvis

211 2998 375 3062 Mutandum
395 2999 483 3058 toties
506 3006 586 3058 esset
607 3014 696 3057 mare.
742 2996 818 3057 Iusta
841 2997 945 3075 pericli

212 3084 242 3144 Si
267 3083 340 3142 ratio
363 3090 409 3141 cst
431 3090 459 3142 et
479 3082 616 3157 honesta,
641 3081 740 3143 timent
761 3081 926 3160 pavidoque
947 3081 1080 3159 gelantur
1169 3091 1199 3147 91

212 3167 354 3241 Pectore,
378 3182 435 3225 nec
455 3164 585 3225 tremulis
607 3174 730 3244 possunt
753 3165 888 3226 insistere
910 3164 1031 3244 plantis:

212 3248 330 3310 Fortem
353 3251 474 3310 animum
496 3258 644 3328 praestant
666 3249 770 3326 rebus,
795 3267 866 3328 quas
888 3250 1011 3328 turpiter
1034 3249 1148 3310 audent.

213 3335 244 3394 st
267 3333 365 3393 iubeat
379 3333 513 3411 coniunx,
533 3334 634 3396 durum
655 3343 700 3395 est
715 3334 918 3395 conscendere
940 3349 1071 3400 navem:¹

213 3417 294 3478 Tunc
315 3417 426 3477 sentina
447 3419 562 3496 gravis,
584 3428 651 3479 nunc
674 3436 799 3478 summus
820 3418 940 3479 vertitur
963 3434 1030 3477 aer:

213 3500 295 3575 Quae
313 3501 464 3563 moechum
484 3503 630 3581 seqnitur,
654 3502 802 3564 stomacho
819 3501 911 3571 valen
928 3500 979 3562 illa
996 3501 1126 3562 maritum
1148 3509 1197 3568 loo
