2438 3994
399 291 524 338 snutttn
542 293 577 338 X.

20 431 211 510 Temporibus
239 431 307 490 diris
331 431 417 507 igitur
441 431 578 509 iussuque
601 429 726 490 Neronis

19 516 177 593 Longinum
202 523 239 573 et.
252 531 374 590 magnos
398 515 531 574 Senecae
552 514 721 591 praedivitis
742 514 843 577 bortos

5 599 128 686 'Clausit
152 607 181 657 et
204 599 341 674 egregias
363 596 567 656 Lateranorum
591 596 706 658 obsidet
728 600 818 660 aedes

19 683 88 742 lota
112 681 236 741 cohors:
258 698 341 740 rarus
366 681 493 740 venitin
517 681 675 742 coenacula
696 682 789 742 miles.

19 766 112 825 Pauca
134 765 207 824 licet
232 773 333 842 portes
359 765 473 842 argenti
494 765 613 824 vascula
640 768 715 844 puri,

18 849 109 908 Nocte
135 850 192 908 iter
215 849 365 924 ingressus
387 846 513 925 gladium
535 857 707 928 contumque
728 851 842 911 timebis

18 931 50 991 lit
70 940 171 991 motae
198 932 234 992 ad
255 930 349 990 lunam
372 931 531 1008 trepidabis
553 933 698 992 arundinis
720 935 851 997 umbras:

19 1014 150 1076 cantabit
177 1033 288 1074 vacuus
314 1031 412 1075 coram
434 1015 547 1076 latrone
572 1016 676 1075 viator.

6 1099 106 1166 ,Prima
132 1099 198 1158 iere
222 1107 291 1158 vota
318 1107 347 1158 et
370 1100 480 1158 cunctis
503 1101 650 1158 notissima
672 1101 789 1178 templis

19 1183 160 1259 Divitiae,
185 1191 319 1242 crescant
343 1191 373 1241 ut
395 1199 487 1260 opes,
510 1192 540 1241 ut
564 1185 685 1243 maxima
709 1193 771 1244 toto

19 1265 123 1326 Nostra
150 1265 189 1325 sit
212 1283 280 1326 arca
303 1266 378 1325 ioro.
413 1265 473 1324 Sed
492 1265 570 1325 nulla
592 1269 706 1326 aconita
728 1266 864 1328 bibuntur
969 1281 1004 1334 25

8 1349 182 1427 ¹,Fictilibus3
209 1358 277 1409 tunc
299 1348 349 1409 illa
375 1350 459 1425 time,
484 1368 569 1428 quum
591 1349 697 1428 pocula
721 1369 819 1410 sumes

9 1433 165 1516 tilemmata
193 1442 222 1492 et
243 1433 302 1492 lato
326 1433 456 1492 Setinum
478 1434 591 1493 ardebit
613 1435 641 1491 in
667 1449 747 1492 auro.

9 1515 111 1586 llamne
138 1518 227 1594 igitur
249 1516 365 1592 laudas,
392 1515 470 1596 quod
494 1518 530 1577 de
557 1517 736 1594 sapientibus
761 1517 836 1578 alter

9 1586 157 1675 ludebat,
184 1600 298 1679 quoties
322 1599 358 1660 de
379 1600 475 1660 limine
496 1610 628 1660 moverat
651 1618 735 1660 unum

21 1683 241 1762 Protuleratque
262 1684 383 1762 pedem,
402 1683 491 1744 ssebat
511 1686 670 1744 contrarius
693 1682 816 1744 auctori
969 1695 1005 1750 tto

21 1769 72 1828 Sed
94 1766 196 1828 facilis
221 1769 311 1827 cuivis
333 1768 420 1846 rigidi
443 1785 564 1828 censura
588 1769 737 1828 cachinni:

22 1849 176 1911 ilirandum
198 1860 261 1927 est,
286 1851 360 1911 unde
384 1851 435 1910 ille
459 1852 553 1911 oculis
577 1851 726 1912 suliecerit
752 1852 862 1912 humor.

22 1933 163 2014 Perpetuo
189 1934 249 1993 risu
272 1935 436 2013 pulmonem
462 1937 572 2012 agitare
596 1934 712 1995 solebat

22 2017 219 2094 Democritus,
246 2035 417 2097 quamquam
438 2035 495 2078 non
518 2027 618 2078 essent
643 2017 761 2079 urbibus
784 2020 841 2080 illis

11 2100 172 2176 plraetexta
195 2111 224 2162 et
246 2102 382 2179 trabeae,
406 2103 519 2178 fasces,
545 2103 667 2177 lectica,
692 2102 826 2162 tribunal.
967 2113 1003 2166 35

12 2183 106 2261 iouia,
131 2186 157 2244 si
180 2185 303 2245 vidisset
324 2195 490 2264 praetorem
513 2185 644 2245 curribus
669 2185 734 2245 altis

12 2258 187 2335 {llxstantom
209 2278 239 2328 et
262 2269 348 2329 medii
370 2268 519 2329 sublimem
541 2269 662 2347 pulvere
684 2269 755 2329 circi

12 2351 49 2436 ¹ln
72 2354 172 2412 tunica
192 2351 271 2412 loris
295 2361 325 2412 et
347 2354 442 2430 pictae
467 2355 590 2414 Sarrana
615 2353 759 2414 terentem

12 2433 60 2494 ‘Ex
84 2436 215 2496 humeris
240 2435 341 2498 aulaea
365 2445 454 2514 togae
476 2454 656 2516 magnaeque
681 2455 808 2498 coronae

12 2517 135 2597 ¹lantum
164 2517 281 2595 orbem,
309 2530 415 2599 quanto
441 2523 542 2580 cervix
566 2537 624 2580 non
648 2522 755 2581 suflicit
777 2519 856 2580 ulla?
969 2533 1004 2584 to

12 2601 133 2681 'Quippe
163 2611 243 2662 tenet
265 2602 369 2663 sudans
392 2603 466 2663 banc
486 2604 620 2682 publicus
642 2614 686 2679 et,
711 2604 766 2662 sibi
793 2607 894 2663 consul

26 2683 60 2744 Ne
81 2686 217 2764 placeat,
242 2704 326 2746 curru
349 2705 451 2746 servus
475 2695 606 2764 portatur
630 2687 743 2746 eodem.

27 2767 60 2828 lta
81 2787 159 2831 nunc
184 2779 214 2828 et
238 2769 404 2846 volucrem,
431 2780 549 2848 sceptro
577 2788 651 2849 quae
673 2771 765 2846 surgit
787 2768 909 2844 eburno,

28 2849 99 2912 lllinc
120 2854 303 2929 cornicines,
326 2854 392 2913 binc
415 2855 620 2932 praecedentia
645 2853 725 2930 longi

28 2937 148 3012 igninis
172 2935 269 2996 cilicia
296 2946 325 2997 et
346 2940 448 2997 niveos
473 2938 509 2997 ad
534 2938 616 2998 irena
641 2937 779 3010 Quirites,
967 2945 1002 2998 45

29 3015 144 3080 belossa
168 3021 197 3078 in
222 3019 326 3080 loculis
350 3038 425 3100 quos
448 3021 577 3098 sportula
599 3018 669 3080 iecit
694 3021 812 3079 amicos

30 3099 88 3161 lum
114 3120 233 3181 quoque
257 3107 404 3164 materiam
426 3107 500 3164 risus
524 3106 632 3163 invenit
655 3103 690 3163 ad
715 3120 815 3162 omnes

5 3183 12 3223 ²⁵
32 3182 165 3246 Occursus
188 3187 346 3263 bominum,
374 3191 455 3247 cuius
479 3187 630 3264 prudentia
654 3195 803 3262 monstrat,

14 3267 150 3329 'Summos
176 3287 267 3348 posse
292 3273 372 3330 viros
395 3281 425 3330 et
443 3288 546 3347 magna
571 3271 705 3348 exempla
732 3271 850 3330 daturos

33 3347 181 3412 Verreoum
204 3355 232 3412 in
255 3356 347 3432 patria
372 3370 531 3432 crassoque
555 3355 608 3413 sub
632 3373 701 3414 aere
723 3355 814 3414 nasci.
968 3363 1003 3415 co

34 3429 140 3496 lidebat
166 3454 268 3513 curas,
295 3455 430 3498 necnon
457 3447 486 3497 et
509 3437 613 3514 gaudia
639 3438 729 3514 vulgi,

34 3513 161 3579 interdum
185 3530 215 3580 et
241 3521 390 3598 lacrimas,
418 3540 503 3600 quum
525 3522 657 3580 fortunae
683 3521 748 3597 ipse
774 3521 876 3656 spinaci

65 3623 114 3662 mv.
140 3625 201 3663 snt.
776 3639 785 3658 ι
