2444 3984
368 361 379 381 ο
405 301 530 349 sarum
548 303 600 350 111.
959 298 995 370 13
1010 289 1013 297 ’

12 441 141 503 llerculis
160 440 304 500 Antaeum
327 440 464 519 procula
486 441 591 500 tellure
614 444 749 519 tenentis,
963 505 965 508 .

12 526 125 586 Miratur
146 541 252 584 vocem
273 533 442 602 angustam,
468 542 524 602 qua
545 525 749 592 ‹leterius'ncc
961 543 996 597 90

12 610 59 668 llle
82 617 184 684 sonat,
206 625 264 687 qno
285 608 435 668 mordetur
457 608 564 686 gallina
586 607 712 671 marito?

12 693 86 755 llaec
102 686 212 753 'eadem
235 693 304 752 licet
327 701 356 752 et
375 691 459 752 nohis
482 692 616 753 laudare:
639 694 691 754 sed
710 693 768 754 illis

12 775 150 836 Creditur.
195 777 241 835 An
262 775 381 851 melior,
405 793 491 854 quum
511 774 622 837 'lha'r‘tla
644 779 766 838 sustinet
787 789 836 839 aut
857 799 941 860 quum

12 859 135 919 Uxorem
158 858 318 920 comoedus
339 860 399 937 agit
421 861 469 919 rel
486 859 595 920 Dorida
614 861 693 921 nullo

13 941 119 1003 Cultam
137 941 283 1022 palliolo?
305 944 408 1003 mulier
430 961 535 1022 nempe
553 946 616 1023 ipsa
637 945 763 1023 videtur,
959 963 993 1016 95

13 1026 71 1085 Non
95 1044 222 1106 persona
245 1029 340 1106 loqui:
360 1045 453 1088 vacua
476 1037 505 1088 et
526 1028 611 1106 plana
634 1031 729 1090 omnia
752 1031 831 1091 dicas

14 1110 81 1170 lnira
101 1112 293 1171 ventriculum
313 1121 342 1170 et
365 1112 444 1171 tenui
466 1112 598 1174 distantia
617 1115 697 1174 rima.

14 1192 67 1253 llec
90 1203 187 1255 tamen
207 1195 366 1256 Antiochus
388 1214 444 1256 nec
467 1199 522 1255 ‘erit
541 1197 680 1268 mirabilis
700 1197 760 1259 illic

15 1278 62 1336 hut
87 1278 252 1339 Stratocles
274 1289 323 1340 aut
346 1297 409 1340 cum
430 1280 510 1340 molli
531 1279 696 1342 Demetrius
718 1280 844 1343 Haemo:

14 1360 88 1420 Natio
111 1362 252 1424 comoeda
275 1372 329 1423 est.
375 1361 481 1424 Rides:
505 1366 615 1424 maiore
637 1365 777 1427 cachinno
942 1385 992 1435 100

14 1442 190 1521 concutitur3
212 1447 277 1522 het,
301 1447 325 1506 si
348 1446 483 1508 lacrimas
505 1449 659 1527 conspexit
680 1450 774 1525 amici,
975 1445 979 1451 ’

14 1525 65 1588 Nec
89 1530 186 1602 dolet;
209 1530 364 1608 igniculum
386 1530 505 1592 brumae
528 1533 554 1590 si
575 1540 709 1610 tempore
730 1549 848 1613 poscas,

12 1611 121 1692 ¹incipit
144 1615 357 1686 endromidem
378 1617 403 1675 si
417 1616 534 1676 dixeris
557 1626 674 1691 aestuo,
699 1617 790 1678 sudat.

15 1694 65 1755 Nou
88 1716 187 1758 sumus
208 1716 281 1776 ergo
300 1717 405 1778 pares:
425 1699 545 1775 melior,
568 1701 616 1778 qui
639 1719 757 1780 semper
779 1713 809 1763 et
831 1708 906 1765 omni

15 1778 97 1840 Nocte
120 1781 226 1861 dicque
248 1792 347 1860 potest
366 1784 460 1844 aliena
482 1801 595 1844 sumere
616 1784 724 1846 vultum
943 1803 990 1854 105

16 1861 137 1941 itacio,
158 1867 267 1926 iactare
289 1883 405 1944 manus,
429 1866 547 1928 laudare
571 1879 699 1946 paratus,

16 1947 128 2008 Sibene
150 1951 290 2027 ructavit,
311 1951 337 2010 si
356 1959 467 2011 rectum
490 1954 590 2012 minxit
612 1955 730 2029 amicus,
844 1953 849 1962 '
887 2016 890 2027 ,

16 2030 37 2087 Si
54 2032 140 2093 trulla
164 2035 282 2094 inverso
305 2037 446 2113 crepiturn
466 2034 543 2096 dedit
564 2055 652 2096 aurea
673 2036 771 2096 londo.
871 2102 875 2111 ,

15 2111 158 2177 Praeterea
180 2126 310 2178 sanctum
331 2119 401 2179 nihil
424 2128 542 2179 estnec
564 2119 600 2179 ab
621 2120 737 2196 inguine
759 2130 862 2182 tutum:

15 2193 65 2257 Non
81 2209 213 2261 matrona
232 2201 317 2279 laris,
340 2219 398 2264 non
421 2203 478 2263 iilia
499 2204 603 2282 virgo,
626 2221 722 2283 neque
745 2206 823 2283 ipse'
939 2219 989 2270 110

16 2280 132 2356 Sponsus
154 2286 230 2345 levis
251 2285 360 2362 adhuc,
383 2304 440 2347 non
463 2288 539 2349 iilius
558 2296 624 2348 ante
645 2289 783 2367 pudions;

17 2361 106 2428 Horum
131 2371 155 2428 si
178 2368 246 2429 nibil
268 2380 331 2447 est,
355 2373 447 2431 aviam
469 2373 618 2451 resupinat
638 2375 733 2434 amici.

17 2448 82 2510 Scire
103 2453 207 2512 volunt
227 2464 343 2526 secreta
365 2456 467 2515 domus
487 2465 574 2534 atque
593 2457 660 2518 inde
681 2459 785 2518 timeri.
861 2487 863 2492 .

17 2526 44 2588 ht
62 2537 193 2612 quoniam
215 2540 314 2616 coepit
336 2536 513 2599 Graecorum
534 2544 660 2617 mentio,
683 2543 771 2602 transi

13 2611 153 2687 ,Gymnasia
176 2628 263 2698 atque
285 2621 351 2682 audi
373 2622 485 2683 lacinus
503 2627 620 2684 maioris
642 2624 775 2685 abollae:
938 2637 988 2687 115

18 2696 116 2762 Stoicus
136 2704 247 2764 occidit
265 2703 387 2766 Baream
406 2707 538 2783 delator,
559 2701 680 2768 amicum

18 2775 237 2866 Discipnlumque
261 2807 352 2849 senex
374 2792 436 2869 ripa
456 2793 576 2850 nutritus
597 2791 626 2848 in
648 2791 708 2864 illa,

20 2860 54 2923 bd
74 2887 154 2946 quam
173 2869 321 2950 Gorgonei
345 2874 464 2953 delapsa
489 2884 533 2935 est
554 2876 639 2953 pinna
660 2873 780 2934 caballi!

19 2941 69 3006 Non
88 2964 130 3014 est
151 2953 282 3016 Romano
305 2959 437 3036 cuiquam
459 2959 542 3037 locus
564 2959 627 3036 hio,
648 2957 696 3016 ubi
719 2968 822 3035 regnat

20 3025 180 3114 Protogenes
202 3041 305 3119 aliquis
325 3041 373 3101 vel
395 3041 529 3120 Diphilus
548 3046 595 3102 aut
615 3041 820 3118 Hermarchus,
939 3053 987 3104 110

21 3108 62 3180 Qui
81 3123 170 3195 gentis
193 3125 264 3184 vitio
285 3143 436 3203 numquam
457 3127 578 3204 partitur
600 3129 732 3203 amioum,

21 3193 90 3259 inlus
109 3204 209 3274 hahet:
232 3226 297 3268 nam
319 3227 404 3287 quum
426 3209 541 3270 iacilem
565 3211 684 3271 stillavit
703 3211 731 3269 in
754 3228 851 3272 aurem

22 3272 139 3374 E'lt'guum
162 3291 198 3349 de
221 3301 341 3353 naturae
362 3295 532 3372 patriaeque
553 3311 679 3371 veneno,

22 3354 106 3427 lmine
127 3391 328 3452 summoveor,
354 3379 501 3454 perierunt
521 3387 654 3457 tempora
676 3379 755 3456 longi
966 3445 971 3456 ,

24 3440 131 3523 seruitii:
153 3471 294 3537 nusquam
316 3455 411 3522 minor
430 3471 475 3521 est
494 3462 603 3522 iactura
625 3463 748 3523 clientis.
936 3472 983 3524 115

55 3528 124 3601 Quod
145 3559 235 3620 porro
260 3544 401 3620 cilicium,
423 3563 459 3604 ne
480 3545 564 3605 nobis
585 3546 733 3622 blandiar,
757 3557 804 3607 aut
825 3547 900 3624 quod
