2438 3994
380 215 506 285 saurus
528 216 605 263 v111.

19 359 213 437 incertaeque
236 356 296 432 rei,
321 354 451 415 Phalaris
474 354 544 414 licet
566 356 689 434 imperet
714 363 743 414 ut
765 354 805 415 sis

18 441 120 502 Falsus
144 449 174 500 et
198 441 315 501 admoto
344 436 434 498 dictet
458 439 583 516 periuria
608 447 702 514 tauro,

20 528 163 584 Summum
192 523 284 583 crede
309 521 393 582 nefas
416 523 535 581 animam
563 523 714 600 praeferre
739 521 844 601 pudori

19 608 54 668 Et
80 615 204 686 propter
230 608 316 666 vitam
338 605 455 665 vivendi
477 604 603 683 perdere
627 623 739 666 causas.

18 691 130 769 Dignus
150 699 245 751 morte
269 691 361 768 perit,
386 697 491 748 coenet
514 688 584 747 licet
606 699 703 749 ostrea
727 698 841 749 centum
971 697 1008 752 85

20 776 150 835 Gaurana
179 783 209 834 et
236 771 335 834 Cosmi
358 781 419 832 toto
444 781 593 848 mergatur
614 790 699 832 aeno.

19 857 199 937 Exspectata
227 856 274 917 dia
297 856 412 917 tandem
436 857 587 934 provincia
609 874 694 936 quum
716 865 746 917 te

20 942 178 1002 Rectorem
205 942 346 1020 accipiet,
370 956 446 1017 pone
467 941 527 1000 irae
552 938 634 1000 irena
658 940 842 1020 modumque,

20 1025 95 1086 Pone
123 1034 154 1085 et
177 1026 331 1100 avaritiae,
355 1024 498 1082 miserere
520 1025 637 1102 inopum
659 1025 847 1084 sociorum:·

13 1107 91 1169 'Ossa
111 1108 198 1188 vides
220 1126 317 1168 rerum
342 1107 442 1166 vacuis
465 1115 585 1167 exsucta
608 1108 752 1168 medullis.
973 1115 1009 1169 90

20 1191 167 1271 Respice,
193 1190 261 1271 quid
283 1199 417 1251 moneant
439 1190 540 1267 leges,
564 1191 633 1268 quid
656 1193 734 1251 curia
755 1191 882 1266 mandet,

21 1275 150 1336 Praemia
175 1284 279 1354 quanta
303 1275 398 1335 bonos
420 1283 570 1351 maneant,
596 1293 680 1353 quam
699 1275 817 1334 fulmine
840 1276 915 1334 iusto

13 1357 54 1420 ,lit
76 1358 185 1439 Capito
214 1367 243 1419 et
266 1357 397 1418 Numitor
418 1359 543 1434 ruerint,
570 1358 720 1419 damuante
743 1367 855 1434 senatu,

13 1443 134 1504 {Piratae
164 1442 295 1503 Cilicum.
336 1443 396 1502 Sed
419 1442 492 1520 quid.
512 1441 653 1502 damnatio
678 1438 815 1502 confert?

13 1527 217 1601 *Praeconem
240 1524 430 1605 Chaerippe,
448 1525 503 1584 tuis
526 1526 718 1603 circumspice
742 1525 855 1604 pannis,
892 1527 897 1535 '
976 1525 1011 1579 95

24 1609 112 1682 Quum
137 1609 231 1670 Pansa
254 1610 373 1688 eripiat,
401 1609 538 1687 quidquid
562 1608 613 1668 tibi
636 1608 721 1670 Natta
743 1607 872 1687 reliquit,

12 1693 421 1839 lpyrpgfflgmfpgypy
438 1693 775 1837 tttttltttitt
800 1691 924 1835 lim·

11 1795 225 1948 pllamnorum,g
242 1862 330 1921 sociis
354 1794 524 1922 Ηοτεηιίὺίιῖιε
547 1868 575 1920 et
597 1861 684 1921 modo
708 1794 802 1919 victig.

11 1944 107 2024 lllena
134 1945 238 2005 domus
261 1953 327 2004 tunc
349 1945 456 2020 omnis,
481 1945 633 2021 elingens
656 1943 749 2005 stabat
772 1958 895 2002 acervus
959 1952 1010 2003 100

11 2025 223 2116 illummorum,
250 2029 390 2108 Spartana
414 2027 559 2103 chlamys,
586 2027 739 2103 conchylia
761 2024 833 2102 Coa,

11 2111 58 2171 lllt
81 2131 145 2172 cum
170 2112 315 2173 Parrhasii
337 2111 443 2174 tabulis
468 2112 616 2189 signisque
641 2109 769 2186 Myronis

11 2195 187 2257 'Phidiacum
208 2195 327 2256 vivebat
349 2195 439 2272 ebur,
470 2213 525 2255 nec
548 2213 605 2254 non
627 2194 761 2270 Polycliti
803 2193 809 2204 '

28 2277 126 2339 llultus
151 2280 259 2359 ubique
284 2279 383 2349 labor;
408 2297 492 2339 rarae
515 2280 577 2339 sine
598 2278 731 2339 Mentore
753 2295 881 2338 mensae.

30 2361 91 2422 lude
116 2362 293 2425 Dolabellae
316 2373 403 2443 atque
427 2362 493 2422 binc
516 2361 675 2440 Antonius,
700 2363 766 2424 inde
958 2370 1009 2422 105

30 2446 192 2524 Sacrilegus
216 2445 328 2507 Verres
351 2446 519 2507 referebant
546 2447 666 2508 navibus
689 2447 754 2507 altis

30 2526 144 2591 Occulta
167 2530 262 2608 spolia
284 2539 313 2590 et
334 2531 434 2610 plures
458 2530 494 2591 de
517 2548 592 2608 pace
614 2529 782 2609 triumphos.

30 2610 105 2673 Nunc
126 2614 215 2674 sociis
240 2615 307 2692 iuga
331 2632 424 2693 pauca
445 2615 552 2692 boum,
577 2633 651 2694 grex
674 2631 781 2692 parvus
804 2629 941 2690 equarum

31 2693 61 2754 lit
83 2705 166 2773 pater
192 2699 312 2758 armenti
335 2707 420 2778 capto
443 2699 581 2777 eripiatur
606 2698 717 2776 agello,

31 2777 82 2854 lpsi
107 2780 213 2842 deinde
235 2779 342 2857 Lares,
367 2782 490 2860 siquod
515 2781 679 2861 spectabile
701 2781 823 2856 siguum,
959 2788 1010 2840 110

33 2863 57 2919 Si
82 2865 146 2942 quis
171 2866 200 2924 in
223 2865 355 2926 aedicula
379 2866 451 2926 deus
472 2867 587 2935 unicus;
614 2865 688 2925 haec
712 2863 817 2923 etenim
841 2870 904 2921 sunt

33 2943 81 3006 Pro
105 2949 240 3023 summis,
263 2967 327 3009 nam
351 2959 415 3008 sunt
439 2949 513 3009 hacc
537 2950 669 3010 maxima.
706 2945 862 3023 Despicias
886 2953 914 3004 tu

34 3025 155 3091 Forsitan
177 3031 314 3093 imbelles
335 3031 466 3094 Rhodios
488 3043 660 3112 unctamque
683 3029 859 3091 Corinthon:

35 3109 180 3193 Despicias
208 3119 328 3187 merito;
353 3118 421 3195 quid
443 3118 569 3178 resinata
590 3118 722 3176 iuventus

37 3191 175 3277 (imraque
199 3200 287 3259 totins
309 3200 417 3261 facient
437 3200 489 3261 tibi
513 3200 590 3262 levia
611 3195 729 3278 gentis?
959 3208 1012 3260 lto

36 3277 146 3342 licrrida
171 3283 286 3344 vitanda
308 3293 353 3344 est
374 3284 529 3364 Hispania,
558 3284 685 3346 Gallicus
707 3283 769 3344 axis

37 3359 231 3445 illyricumque
255 3367 343 3437 latus;
367 3387 458 3447 parce
480 3377 508 3428 et
530 3368 710 3429 messoribus
732 3366 801 3441 illis,

38 3441 83 3517 unt
104 3458 232 3510 saturant
254 3451 355 3511 urbem
381 3453 461 3512 circo
485 3469 652 3532 scenaeque
674 3458 836 3511 vacantem.
