2444 3984
424 274 548 323 SATIRA
570 275 602 321 V.

17 419 138 490 Ostrea,
164 416 291 477 callebat
312 418 405 494 primo
428 413 611 491 deprendere
634 430 747 482 morsu;

17 501 51 562 llt
74 499 169 559 semel
192 501 305 578 aspecti
329 500 396 559 litus
419 496 534 557 dicebat
555 497 659 556 echini.

17 585 165 662 Surgitur,
190 592 221 642 et
241 585 330 643 misso
351 599 493 661 proceres
515 583 595 640 exire
619 579 753 640 iubentur

17 667 169 742 Consilio,
193 685 267 746 quos
289 666 430 726 Albanam
453 664 510 724 dux
533 682 653 741 magnus
675 665 703 723 in
725 681 821 724 arcem
951 676 1002 730 155

17 751 158 811 Traxerat
182 753 317 811 attonitos
346 759 374 810 et
396 749 534 809 festinare
558 756 689 822 coactos,
813 793 815 800 .

16 835 173 914 Tamquam
197 834 233 894 de
256 832 366 893 Gbattis
384 831 491 911 aliquid
513 833 661 909 torvisque
675 830 839 906 Sycambris

16 918 153 978 Dicturus
179 926 322 996 tamquam
344 926 373 976 et
395 917 517 976 diversis
539 914 668 993 partibus
688 913 767 974 orbis

19 1003 108 1062 Anxia
131 1002 286 1080 praecipiti
309 1003 438 1060 venisset
463 999 586 1078 epistola
610 1000 704 1077 pinna.

58 1084 156 1164 Atque
179 1087 286 1145 utinam
309 1083 352 1143 bis
376 1084 473 1162 potius
497 1084 580 1160 nugis
602 1090 663 1141 tota
685 1081 735 1142 illa
757 1080 886 1142 dedisset
954 1094 1004 1147 ια

19 1169 162 1247 Tempora
184 1170 340 1244 saevitiae,
353 1167 457 1228 claras
482 1166 584 1245 quibus
606 1165 723 1226 abstulit
747 1165 811 1225 urbi

18 1251 209 1330 illustresque
230 1253 338 1312 animas
360 1253 475 1329 impune
499 1258 528 1309 et
548 1248 662 1309 vindice
685 1248 781 1308 nullo!

20 1336 75 1395 Sed
96 1337 202 1415 periit,
225 1344 379 1414 postquam
402 1332 576 1394 cerdonibus
601 1350 670 1392 esse
690 1332 832 1392 timendus

21 1417 183 1498 Coeperat:
206 1420 263 1480 hoc
284 1421 382 1478 nocuit
405 1418 564 1478 Lamiarum
588 1417 679 1475 caede
703 1415 835 1475 madenti.

412 1609 610 1620 ....-—---

316 1768 583 1834 'SATIRA
618 1768 658 1831 V.

23 1867 54 1961 si
76 1911 105 1960 te
126 1902 274 1980 propositi
295 1901 420 1962 nondum
441 1902 530 1980 pudet
553 1910 639 1978 atque
662 1899 764 1958 eadem
787 1906 832 1957 est
853 1914 944 1970 mens,

24 1988 56 2046 [lt
74 1985 152 2044 bona
175 2002 283 2044 summa
305 1994 391 2064 putes
413 1985 507 2044 aliena
528 1986 628 2043 vivere
650 1981 773 2062 quadra;

24 2072 50 2129 Si
72 2077 156 2146 potes
179 2068 231 2128 illa
253 2070 330 2147 pati,
354 2087 429 2148 quae
451 2086 506 2127 nec
527 2069 693 2127 Sarmentus
716 2065 827 2142 iniquas

25 2151 153 2212 Caesaris
176 2151 212 2211 ad
234 2170 365 2228 mensas,
389 2169 444 2212 uec
464 2150 530 2210 vilis
553 2149 652 2211 Gabba
675 2148 805 2209 tulisset:

26 2236 155 2309 Quamvis
179 2236 273 2295 iurato
296 2245 419 2296 metuam
441 2234 492 2294 tibi
515 2235 638 2294 credere
660 2234 737 2292 testi.
987 2242 1004 2293 5

26 2317 126 2379 Ventre
148 2317 221 2379 nibil
245 2322 312 2379 novi
335 2319 490 2396 frugalium
516 2319 574 2378 boc
596 2327 692 2378 tamen
712 2317 806 2394 ipsum

26 2402 176 2462 Deiecissc
197 2411 281 2481 puta,
306 2403 384 2481 quod
407 2403 482 2462 inani
505 2402 612 2462 suflicit
635 2400 717 2460 alvo:

27 2484 104 2546 Nulla
124 2485 245 2563 crepido
268 2496 371 2562 vacat,
402 2503 541 2564 nusquam
563 2501 638 2565 pons
661 2493 690 2544 et
712 2485 818 2561 tegetis
843 2499 911 2559 pars

27 2568 141 2628 Dimidia
164 2566 303 2628 brevior?
325 2571 434 2629 tantine
453 2571 553 2630 iniuria
576 2586 699 2636 coenae,

29 2651 91 2712 Tam
111 2653 207 2712 ieiuna
228 2653 319 2713 lomes
345 2671 431 2732 quum
452 2655 546 2732 possit
567 2652 717 2712 honestius
741 2649 804 2709 illic
974 2659 1007 2710 10

29 2734 60 2794 bt
82 2744 209 2796 tremere
233 2746 262 2796 et
284 2737 387 2797 sordes
410 2737 495 2797 larris
517 2737 652 2796 mordere
675 2731 791 2793 caninii

66 2819 157 2879 Primo
180 2819 238 2898 lige
262 2820 346 2897 loco,
370 2820 447 2898 quod
468 2829 498 2880 tu
520 2818 703 2880 discumbere
724 2818 819 2875 iussus

30 2898 187 2964 llerccdem
209 2903 331 2964 solidam
352 2913 484 2964 veterum
508 2905 587 2981 capis
609 2901 781 2962 ciliciorum.

31 2980 143 3045 Fructus
165 2987 306 3047 amicitiae
330 3006 451 3065 magnae
474 2987 571 3055 cibus;
602 2987 719 3062 imputat
742 2980 817 3043 hunc
834 2999 887 3040 rex

32 3063 64 3125 lit
84 3071 209 3146 quarm
231 3088 327 3130 rarum
347 3080 441 3132 tamen
463 3073 589 3148 imputat.
634 3069 714 3145 Ergo
738 3065 811 3126 duos
834 3073 900 3143 post
975 3078 1007 3129 15

33 3150 59 3208 Si
78 3151 156 3212 libuit
178 3172 295 3215 menses
314 3155 479 3232 neglectum
500 3152 638 3214 adhibere
662 3150 806 3225 clientem,

34 3229 121 3294 l'ertia
143 3255 180 3296 ne
202 3255 295 3298 vacuo
322 3248 454 3299 cessaret
476 3237 581 3298 culcita
602 3237 695 3297 lecto:

34 3312 88 3375 Una
108 3321 210 3397 simus,
233 3323 281 3381 ait.
326 3321 467 3382 Votorum
488 3320 611 3381 summa!
637 3318 703 3399 quid
725 3318 799 3377 ultra

36 3395 168 3467 Quaeris?
196 3402 284 3464 babet
306 3405 445 3481 Trebius,
468 3414 590 3484 propter
612 3402 688 3482 quod
708 3418 843 3479 rumpere
865 3417 991 3460 somnum

35 3477 138 3544 Debeat
159 3495 188 3546 et
210 3488 315 3565 ligulas
338 3489 497 3565 dimittere,
521 3488 663 3548 sollicitus
688 3504 725 3545 ne
973 3493 1008 3544 to
