2438 3994
430 285 554 334 SATIRA
576 287 623 334 VI.

12 425 88 498 Quae
107 425 239 503 peperit;
261 423 375 483 timidus
398 433 571 502 praegustet
590 425 697 503 pocula
718 429 856 506 puppas]

11 507 154 586 Fingimus
176 507 251 568 haec
272 507 362 567 altum
383 510 472 567 satira
494 517 625 568 sumente
646 509 814 570 cothurnum

11 593 129 652 Scilicet
152 602 181 652 et
203 592 290 652 linem
312 593 427 669 egressi
449 591 605 672 legemque
628 594 756 670 priorum
947 607 999 662 535

11 676 122 736 Grande
145 675 316 754 Sophocleo
341 693 459 735 carmen
480 675 654 736 bacchamur
676 677 765 752 biatu,

11 759 153 819 Montibus
173 761 302 836 ignotum
322 759 437 818 Rutulis
460 759 605 838 coeloque
627 758 750 821 Latino?

11 843 66 902 Nos
88 844 197 903 utinam
218 843 298 903 rani!
321 842 375 902 sed
398 843 502 902 elamat
519 842 637 903 Pontia:
660 842 742 920 Feci,

11 926 175 1003 Confiteor,
199 927 358 1006 puerisque
381 927 453 986 meis
476 930 588 988 aconita
612 930 721 1006 paravi,

11 1012 88 1084 Quae
108 1010 254 1089 deprensa
278 1019 392 1089 patent:
414 1010 542 1071 facinus:
564 1020 661 1072 tamen
681 1015 745 1092 ipsa
767 1016 928 1092 peregi-
947 1027 1000 1080 640

11 1093 87 1155 'lune
111 1094 184 1154 duos
206 1113 277 1170 una,
300 1095 471 1154 saevissima
495 1097 613 1174 vipera,
637 1093 752 1156 coena?

11 1179 87 1238 'lune
110 1175 395 1257 duosl-Septem,
413 1179 438 1238 si
450 1171 563 1256 sep'tem
583 1179 660 1239 forte
682 1179 869 1241 luissent!-

11 1261 168 1323 Gredamns
189 1263 326 1340 tragicis,
351 1261 488 1340 quidquid
508 1262 544 1322 de
569 1260 711 1324 Colchide
730 1273 813 1325 torva

11 1347 119 1406 Dicitur
143 1355 172 1405 et
195 1345 324 1406 Procne:
348 1346 388 1405 nil
410 1355 510 1405 contra
533 1363 639 1414 conor;
663 1357 692 1406 et
714 1346 781 1405 illae

12 1429 132 1491 Grandia
154 1439 282 1490 monstra
304 1431 363 1488 suis
383 1429 527 1489 audebant
548 1430 743 1507 temporibus;
767 1430 819 1489 sed
948 1447 999 1500 645
1081 1437 1084 1445 '

11 1515 70 1574 Non
94 1523 219 1592 propter
240 1530 380 1572 nummos.
424 1511 520 1572 blinor
541 1514 690 1573 admiratio
712 1515 828 1572 summis
933 1529 934 1536 ¹

11 1599 139 1658 Debetur
160 1598 312 1670 monstris,
337 1598 452 1675 quoties
474 1596 545 1656 iacit
567 1599 609 1656 ira
631 1606 786 1658 nocentem

12 1681 88 1741 llunc
108 1699 225 1749 sexum;
248 1680 330 1740 rabie
352 1682 435 1740 iecur
456 1681 630 1742 incendente
654 1681 785 1742 feruutur

12 1765 205 1843 Praecipites,
227 1772 256 1823 ut
279 1782 349 1824 saxu
371 1766 447 1842 iugis
471 1763 610 1843 abrupta,
633 1765 738 1845 quibus
759 1781 841 1825 mons

14 1849 193 1908 Subtrahitur
215 1848 351 1928 clivoque
373 1849 446 1909 latus
468 1849 613 1927 pendente
635 1850 759 1911 recedit.
948 1863 1000 1918 650

13 1931 88 1992 lllam
112 1950 171 2010 ego
193 1949 250 1993 non
272 1931 402 2009 tulerim,
427 1950 501 2012 quae
522 1943 670 2012 computat
690 1945 719 1994 et
739 1933 837 1994 scelus
860 1936 961 2012 ingens

14 2018 84 2077 Sana
104 2016 184 2077 iacit.
229 2018 369 2095 Spectant
390 2015 562 2078 subeuntem
582 2017 641 2078 lata
661 2019 755 2078 mariti

14 2101 150 2161 Alcestim
173 2108 219 2178 et,
242 2100 342 2160 similis
360 2102 385 2159 si
407 2103 580 2179 permutatio
603 2100 696 2177 detur,

15 2183 101 2245 blorte
124 2186 180 2245 viri
205 2186 320 2263 cupiant
340 2186 461 2245 animam
484 2203 604 2246 servare
628 2185 762 2246 catellae.

16 2268 172 2329 Occurrent
193 2270 300 2330 multae
322 2269 373 2329 tibi
395 2269 512 2329 Belides
533 2279 619 2349 atque
641 2269 801 2349 ErIpbylae
947 2283 999 2338 555

16 2349 93 2412 blane
100 2375 108 2422 ;
131 2351 391 2428 Clytaemnestram
413 2353 509 2414 nullus
529 2371 586 2413 non
606 2356 688 2414 vicus
709 2353 836 2414 habebit.

17 2433 74 2495 lloc
94 2445 201 2497 tantum
216 2437 323 2514 refert,
347 2438 426 2519 quod
447 2436 589 2512 Tyndaris
610 2437 658 2497 illa
681 2436 837 2516 bipennem

17 2517 150 2580 lnsulsam
173 2529 202 2581 et
224 2521 329 2588 fatuam
351 2520 453 2581 dextra
477 2521 619 2601 laevaque
639 2523 773 2584 tenebat·

19 2601 52 2660 dt
71 2623 145 2665 nunc
167 2623 216 2663 res
236 2607 330 2682 agitur
351 2607 429 2666 tenui
450 2605 587 2684 pulmone
609 2606 741 2682 rubetae,

18 2686 71 2745 Sed
90 2698 186 2750 tamen
206 2697 236 2748 et
258 2688 353 2765 ferro,
376 2690 401 2748 si
420 2687 621 2768 praegustabit
642 2689 761 2749 Atrides
948 2701 999 2756 660

19 2767 130 2832 Pontica
151 2781 198 2833 ter
219 2774 288 2832 victi
307 2783 407 2834 cautus
427 2773 615 2834 medicamina
632 2773 721 2850 regis.
