2438 3994
371 270 553 319 autololum
575 271 710 321 SA'HRA.

45 430 93 489 Sic
110 426 211 487 itidem
227 426 356 486 Romana
372 443 488 502 manus,
505 425 683 487 contendere
706 436 859 508 postquam

43 512 163 572 Destitit
181 518 210 570 ot
225 526 329 589 pacem
352 508 447 586 longis
462 509 586 570 frenavit
601 509 737 588 habenis,

44 596 110 673 lpsa
126 595 204 654 domi
223 594 310 671 leges·
326 601 356 652 et
371 592 456 652 Graia
470 595 586 655 inventa
601 603 762 655 retractans

46 678 149 738 Omnia
165 677 310 737 bellorum
325 685 403 736 terra
419 679 550 755 quaesita
563 679 694 756 marique
999 691 1035 746 oo

44 761 176 821 Praemia
194 760 317 820 consilio
335 768 364 819 et
379 760 459 820 molli
476 763 589 822 ratione
603 760 738 840 regebat.

45 845 146 905 Stabat
160 845 190 903 in
206 844 252 904 bis
261 867 269 913 ;
289 845 476 923 nequeenim
492 854 608 924 poterat
624 855 759 906 constare
775 846 838 906 sine
853 847 940 925 ipsis,

48 929 103 986 Aut
121 927 230 988 frustra
246 928 330 987 uxori
349 928 531 1007 mendaxque
549 929 698 1008 Diespiter
714 929 797 990 olim:

45 1011 213 1090 Imperium
227 1013 294 1072 aios
310 1012 372 1090 fine
391 1013 475 1088 dedi,
490 1012 600 1072 dixisse
615 1012 765 1091 probatur.

47 1094 130 1154 Nunc
145 1096 233 1172 igitur
248 1096 297 1175 qui
312 1113 362 1155 res
376 1094 520 1155 Romanas
536 1097 658 1174 imperat
679 1097 772 1173 inter,

45 1177 108 1236 Non
126 1177 211 1237 trabe
226 1179 279 1237 sed
294 1187 379 1256 tergo
394 1177 550 1256 prolapsus
568 1188 597 1239 et
612 1180 740 1257 ingluvie
755 1179 855 1256 albus,

46 1261 80 1320 Et
96 1261 191 1321 studia
207 1270 236 1321 et
252 1263 369 1338 sapiens
384 1261 528 1321 hominum
543 1280 707 1340 nomenque
722 1281 875 1342 genusque

46 1343 147 1403 Omnia
165 1343 245 1405 abire
263 1344 343 1405 foras
358 1353 445 1423 atque
459 1344 531 1407 urbe
549 1347 697 1406 excedere
713 1347 804 1406 iussit.

45 1426 121 1500 Quid
137 1427 291 1487 iacimus?
313 1427 415 1490 Graios
430 1427 633 1508 hominumque
649 1428 816 1506 reliquimus
830 1429 935 1507 urbes,

46 1511 84 1570 Ut
99 1510 230 1572 Romana
245 1512 323 1571 foret
337 1512 429 1588 magis
446 1512 491 1572 bis
507 1514 647 1572 instructa
661 1514 821 1589 magistris;

43 1593 145 1669 Nunc,
163 1592 327 1674 Capitolino
342 1595 434 1655 veluti
450 1595 582 1656 turbante
599 1594 722 1656 Camillo

43 1677 173 1737 Ensibus
189 1688 218 1737 et
234 1681 339 1739 trutina
356 1677 431 1740 Galli
444 1679 549 1757 lugere
570 1679 690 1756 relicta,

6 1787 7 1790 ¹
43 1763 95 1820 Sic
110 1763 202 1820 nostri
218 1762 319 1840 palare
335 1781 422 1823 senes
438 1764 571 1824 dicuntur
586 1773 616 1823 et
631 1765 687 1842 ipsi

43 1843 82 1904 Ut
98 1845 193 1904 ferale
210 1863 280 1905 suos
296 1863 368 1906 onus
384 1848 547 1927 exstirpare
565 1847 693 1907 libellos.

43 1927 126 2005 Ergo
142 1926 330 1990 Numantinus
347 1929 530 2009 Libycusque
550 1932 658 1991 erravit
674 1932 703 1990 in
724 1933 779 1991 isto

43 2013 165 2090 Scipio,
182 2014 231 2090 qui
246 2012 360 2073 Rhodio
376 2015 469 2073 creuit
485 2013 628 2075 formante
643 2016 799 2093 magistro,

45 2093 154 2155 Cetera
171 2105 199 2156 et
215 2097 265 2157 illa
278 2115 376 2157 manus
392 2095 473 2157 bello
489 2097 614 2159 facunda
631 2098 777 2175 secundo,

7 2211 8 2216 κ
44 2178 128 2252 Quos
146 2180 221 2239 inter
237 2182 326 2259 prisci
341 2183 484 2242 sententia
502 2181 549 2241 dia
565 2176 683 2243 (latonia

7 2223 9 2299 l
43 2263 129 2324 Scire
147 2264 222 2324 adeo
238 2265 333 2342 magni
350 2264 487 2338 lecisset,
505 2273 636 2324 utrumne
651 2265 786 2325 secundis

42 2347 91 2407 An
110 2350 203 2425 magis
220 2349 350 2410 adversis
365 2356 456 2407 staret
472 2348 599 2409 Romana
615 2345 770 2427 propago?

44 2431 168 2492 Scilicet
185 2431 334 2492 adversis:
356 2449 421 2490 nam
439 2450 526 2510 quum
543 2433 696 2493 defendier
717 2433 803 2493 armis

45 2514 156 2576 Suadet
170 2530 251 2574 amor
265 2515 376 2593 patriae
398 2524 428 2574 et
446 2517 560 2595 captiva
581 2517 735 2595 penatibus
748 2533 839 2591 uxor,

9 2639 10 2658 r
45 2597 208 2674 Convenit,
227 2606 258 2657 ut
272 2600 389 2677 vespis,
406 2617 526 2678 quarum
543 2599 644 2660 domus
659 2616 728 2660 arce
743 2595 896 2674 Monetae,

46 2681 145 2741 Turba
161 2683 261 2759 rigens
278 2683 386 2742 strictis
401 2701 456 2762 per
472 2683 550 2744 lutea
572 2699 697 2761 corpora
713 2681 795 2753 telis;

45 2765 102 2824 Ast
116 2764 165 2824 ubi
180 2783 251 2844 spes
272 2782 375 2825 secura
390 2766 482 2843 redit,
502 2767 593 2827 oblita
610 2766 742 2827 favorum

45 2847 135 2907 Plebs
149 2852 300 2928 materque
315 2867 374 2948 unq
385 2866 486 2909 somno
504 2852 662 2911 moriuntur
678 2848 780 2909 obeso.

10 2931 11 2940 ’
45 2930 263 2992 Romulidarum
280 2934 366 3010 igitur
380 2933 469 3010 longa
485 2943 514 2994 et
529 2934 627 3011 gravis
643 2932 760 2993 exitium
774 2949 841 3008 pax.

89 3012 153 3074 lloc
169 3014 279 3076 labella
294 3015 379 3076 modo
396 3035 514 3095 pausam
529 3018 607 3077 iacit.
641 3013 770 3095 Optima,
789 3015 926 3092 posthac,

47 3097 144 3174 dinsa,
160 3098 249 3158 velim
266 3116 402 3176 moneas,
420 3101 483 3160 sine
500 3119 556 3179 qua
571 3099 638 3159 mihi
654 3098 731 3158 nulla
746 3097 884 3176 voluptas

48 3181 173 3257 Vivere,
191 3185 232 3242 uti
248 3183 391 3261 quondam
404 3182 517 3259 Lydus,
533 3184 598 3244 dum
614 3184 735 3258 Smyrna
750 3181 879 3261 peribat,

48 3263 129 3324 Nunc
143 3265 243 3325 itidem
258 3268 384 3344 migrare
403 3267 495 3336 velis;
517 3266 567 3326 vel
582 3267 708 3346 denique
730 3265 844 3344 quiduis

49 3347 85 3407 Ut
99 3347 154 3408 dea
170 3366 279 3426 quaere
296 3350 392 3418 aliud:
415 3359 523 3410 tantum
540 3350 668 3412 Romana
684 3348 795 3410 Caleno

50 3430 162 3492 bloenia
178 3434 319 3492 iucundos
334 3436 502 3513 pariterque
519 3443 619 3495 averte
635 3433 768 3494 Sabinos.

51 3514 126 3576 llaec
142 3532 213 3592 ego;
239 3526 297 3583 tum
311 3519 412 3596 paucis
424 3517 479 3578 dea
494 3536 540 3577 me
557 3518 704 3596 dignarier
721 3517 795 3577 iniit:
