2444 3984
413 236 625 286 PRAEFATIO.
934 243 1007 292 XXV

12 400 126 444 necesse
137 384 219 440 urent.
230 381 310 440 -V.
317 384 377 441 237.
389 386 442 440 238
453 382 573 454 quemme
584 382 687 454 scriptos
698 390 793 456 aposta
804 357 939 452 censerem,
951 388 1006 445 Vin·

12 471 67 524 dic.
79 485 109 540 p.
121 471 157 523 12
170 465 260 537 aperui,
272 479 351 536 neque
361 481 426 521 nunc
435 471 539 522 retracto
550 466 615 538 quod
626 468 683 536 illic,
695 475 723 523 ut
729 483 860 540 genuinam
874 473 1011 528 sententiae

13 554 131 608 sormam
144 564 323 620 recuperemus,
335 548 466 621 legendum
477 564 531 604 esse
540 550 674 619 suspicatus
689 568 759 607 sum:

106 633 283 721 meaque
297 648 377 688 norae
387 639 471 704 prom
487 639 513 688 at
523 639 626 689 seeum
641 636 733 692 adue

107 715 206 772 mucor
215 709 307 772 interea
316 715 371 771 silet
381 723 405 771 et
409 717 539 788 praeputio
548 717 627 781 mec,

15 797 173 856 uelamen
165 815 217 870 1psa
227 801 253 855 iu
269 799 342 855 verba
359 799 469 856 licentius
480 815 614 873 grassmer,
632 817 654 859 ι.
667 807 719 860 338
729 803 1007 874 depropitiorum

16 885 43 938 in
55 884 114 954 ipso
129 883 193 940 Pith
207 891 257 952 est,
273 884 400 939 restituere
410 885 496 955 sategi.
512 913 555 924 -
570 884 598 940 V.
616 889 669 943 nlo
686 902 757 959 pacm
765 887 850 958 prome
860 886 931 952 Pith,
950 894 1006 944 tunc

16 967 109 1037 precio
126 967 193 1023 lahn.
213 983 236 1023 c.
257 967 378 1039 plurimis,
395 974 475 1035 recte,
490 967 512 1022 si
527 981 630 1038 sequeus
645 969 777 1028 versiculus
792 971 912 1042 genuinus
928 977 1009 1034 esseta

18 1066 89 1106 nunc
102 1051 157 1121 ipsa
168 1051 314 1108 obscuritate
323 1056 462 1122 suspectum
476 1051 562 1106 melior
571 1050 611 1105 illa
622 1053 751 1107 auctoritas
760 1054 852 1109 secludi
870 1054 951 1110 suasit.
966 1082 1002 1095 -

22 1163 59 1173 —
75 1134 105 1188 V.
117 1137 171 1193 295
181 1135 241 1190 istoc
250 1135 354 1191 editores
365 1134 472 1206 plerique
482 1150 537 1190 cum
549 1133 671 1206 Nogarola
681 1141 706 1190 et
714 1135 828 1202 Pithoeo,
838 1138 945 1208 momnis
956 1153 1007 1193 am·

19 1218 99 1290 higua
110 1217 229 1274 lihromm
239 1217 298 1283 lide,
314 1233 416 1290 quonum
431 1219 528 1289 plurimi
548 1216 636 1283 dcirco,
657 1219 801 1277 Pithoeanus
817 1218 891 1276 lodce
901 1220 1005 1286 exhibet,

20 1301 138 1372 huncque
149 1300 246 1357 Iahnius
255 1308 353 1357 secutus
363 1308 413 1364 ost:
430 1309 456 1357 at
465 1318 513 1357 non
525 1302 606 1373 agitur
616 1303 647 1358 de
659 1304 752 1360 luxuria
762 1303 870 1359 Romana
887 1319 930 1375 per
939 1313 1008 1359 exte·

22 1401 62 1440 ras
88 1390 176 1456 gentes
201 1391 345 1457 propagata,
369 1385 412 1440 sed
434 1386 464 1442 de
485 1386 560 1456 ipsius
579 1383 645 1440 urhis
660 1387 767 1442 moribus
785 1401 845 1457 pace
861 1394 886 1443 ot
904 1388 1007 1458 imperio

24 1469 162 1539 corruptis,
179 1483 226 1524 nec
236 1468 306 1525 colea
316 1467 396 1524 lndine
405 1469 487 1538 potius
497 1483 569 1540 quam
580 1466 672 1524 Romae
688 1471 844 1532 conveniunt:
861 1472 940 1540 recepi
957 1472 1004 1542 igi-

24 1558 64 1608 tur
75 1551 142 1623 quod
155 1552 306 1608 coniecturae
322 1558 387 1607 certe
405 1566 610 1607 onmesnumeros
619 1552 710 1623 implet.
724 1565 761 1592 '—
778 1552 1004 1611 1367308151-

24 1637 80 1691 nius
90 1651 148 1690 cum
159 1635 279 1708 Madvigio
289 1635 442 1706 transposuit,
456 1636 597 1706 astipulante
607 1631 679 1691 etiam
689 1636 709 1692 1.
722 1635 786 1692 1111.
794 1637 890 1707 ldayore
900 1637 925 1691 in
935 1637 1004 1692 lour-

26 1720 65 1775 ual
75 1719 104 1774 ol
112 1719 222 1775 classical
232 1719 278 1775 aud
287 1719 371 1774 sacred
382 1717 506 1791 philology
516 1720 597 1786 1854,
609 1733 632 1788 p.
645 1723 693 1788 91,
705 1720 820 1776 librorum
830 1725 911 1775 tamen
922 1728 1003 1776 aucto·

28 1805 97 1858 ritate
110 1803 180 1858 valde
191 1803 291 1875 erigam,
308 1802 394 1875 quihus
405 1802 464 1858 illud
475 1802 550 1858 fraudi
561 1817 614 1858 esse
623 1809 730 1874 poterat,
747 1805 844 1876 quode
856 1807 907 1862 aot
920 1819 1003 1861 enou-

29 1887 117 1942 uullrs
110 1901 211 1958 ipsoque
222 1885 351 1941 Pithoeano
362 1893 456 1941 mature
466 1887 555 1942 excidit
563 1901 661 1960 neque
673 1903 745 1942 sensu
756 1893 873 1959 urgente
885 1888 1004 1958 quinobi·

29 1971 76 2026 lem
87 1984 182 2042 quoque
192 1970 316 2026 mulierem
326 1969 467 2026 Pudicitiam
481 1970 578 2026 irridere
589 1970 689 2040 patitur,
705 1971 726 2026 si
737 1986 793 2026 cum
810 1971 903 2026 famoso
914 1977 1003 2032 scorto

31 2055 125 2126 qualem
135 2054 242 2110 Mauram
253 2053 302 2110 Sat.
314 2053 345 2112 X.
356 2058 408 2112 224
419 2055 555 2121 noscimus,
570 2053 633 2108 illitus
644 2069 708 2109 mam
726 2053 846 2124 praeterit.
860 2081 901 2091 -
912 2053 939 2107 V.
950 2057 1001 2111 347

30 2137 139 2212 prohibe,
152 2137 322 2209 quodeith.
335 2145 385 2203 est,
406 2137 555 2193 curlahnius
564 2137 663 2208 uulgato
681 2136 759 2193 colube
768 2135 936 2208 posthaberet
947 2151 1004 2191 cau

31 2236 82 2276 sam
94 2220 181 2276 luisse
175 2237 199 2275 ιιι
210 2221 301 2277 Vindio.
313 2237 338 2292 p.
349 2225 366 2280 9
377 2223 476 2293 negavi,
493 2220 629 2292 ibidemque
638 2221 733 2277 delendi
743 2237 765 2278 ι.
776 2222 827 2278 383
841 2226 1001 2285 emimontu,

32 2305 95 2376 quod
111 2303 291 2361 illeliarlrlandi
308 2304 460 2360 coniecturae
472 2305 601 2376 praecor
616 2304 793 2370 cedereiussit;
809 2304 906 2361 mallem
915 2319 938 2362 v.
950 2308 1001 2362 371

31 2394 174 2460 aspectura
190 2387 324 2458 scripsisset
332 2403 376 2459 pro
388 2395 512 2460 metue,
525 2388 647 2460 quodiam
658 2388 1004 2445 aPithoeanimanusecuuda

32 2477 163 2526 correctum
181 2485 279 2541 prorsus
295 2472 396 2527 alienam
413 2472 544 2544 imaginem
560 2471 617 2527 huic
635 2472 788 2543 descriptioni
805 2473 920 2528 admiscet
932 2472 1005 2543 inque

32 2561 93 2610 muta
105 2555 228 2627 utriusque
238 2554 304 2610 verhi
314 2555 465 2620 confusione,
479 2557 547 2610 cuim
557 2556 629 2611 otiam
640 2555 689 2610 Vll.
700 2562 734 2613 22
746 2556 883 2626 exemplum
895 2555 937 2611 dat
947 2555 1004 2608 alia-

32 2653 76 2709 que
92 2636 252 2694 Eichstadtius
273 2639 399 2711 iuProgr.
417 2646 520 2708 prorect.
539 2639 631 2694 lenensi
644 2642 711 2696 1846
730 2642 760 2709 p.'
774 2645 805 2696 ll
822 2639 914 2701 attulit,
937 2637 1003 2692 omni

33 2721 169 2778 emendandi
186 2721 326 2778 difficultate
343 2729 420 2785 caret;
439 2737 484 2777 nec
494 2739 517 2781 ι.
529 2723 581 2780 385
591 2721 674 2786 laudo,
687 2722 750 2792 quod
760 2720 826 2792 Appi
836 2720 939 2776 nominis
950 2735 1003 2775 mu·

32 2805 112 2860 lierem
127 2819 183 2862 cum
200 2805 329 2860 scholiasta
344 2821 415 2877 qcuam
425 2803 479 2862 Aeli
494 2820 550 2860 cum
561 2805 657 2858 Heinsio
675 2804 787 2875 amplecti
804 2804 901 2867 maluit,
921 2819 968 2872 quo
979 2811 1003 2857 et

34 2889 138 2944 codicum
150 2889 223 2945 lectio
233 2889 278 2945 elti
293 2888 464 2945 ethoeicuucu
481 2890 571 2944 mentio
583 2894 720 2959 antegressa
736 2886 846 2942 ducebat.
861 2914 897 2925 —
911 2886 938 2939 V.
952 2888 1005 2942 453

33 2973 132 3028 ecesse
141 2987 186 3043 pro
197 2972 299 3028 ecteode
308 2973 346 3029 vel
356 2980 439 3030 contra
448 2972 606 3028 Pithoeanum
616 2971 762 3026 constantiae
773 2969 841 3034 dedi,
854 2983 914 3041 quae
928 2966 1001 3022 hicet

34 3053 82 3110 Sat.
93 3055 143 3112 ΧΠ.
155 3062 172 3115 5
184 3058 284 3113 eandem
295 3056 396 3112 formam
407 3056 513 3113 exhiberi
523 3055 627 3117 luheren
645 3069 703 3110 mox
717 3059 796 3109 auum
813 3070 836 3112 v.
847 3056 898 3112 461
908 3055 1004 3110 -463

33 3139 128 3208 pristino
139 3140 214 3196 ordini
227 3140 335 3209 restitui,
347 3156 418 3213 quem
429 3141 517 3196 nollem
528 3139 623 3194 lahnius
635 3153 690 3192 cum
702 3137 823 3210 Madvigio
834 3138 866 3193 ita
877 3142 1001 3202 mutasset,

34 3229 60 3276 ut
69 3239 90 3281 ι.
102 3227 153 3283 464
160 3251 197 3264 -
206 3228 259 3283 466
269 3230 431 3295 anteponeret.
454 3223 601 3295 Madvigium
611 3222 700 3278 intereo
711 3222 793 3286 movit,
805 3222 869 3293 quod
881 3237 928 3276 non
941 3219 1003 3275 arbi·

34 3312 81 3362 tror
91 3307 237 3364 commodius
248 3308 278 3364 ad
294 3308 380 3380 seduc
389 3307 490 3364 moechia
502 3314 591 3379 pereto
601 3321 672 3379 quam
683 3306 712 3361 ad
724 3319 778 3360 eum
791 3311 901 3360 omatum
911 3304 1002 3368 resciri,

36 3390 71 3460 qui
81 3407 102 3448 ι.
113 3395 165 3449 453
175 3391 331 3456 describitun
346 3407 391 3448 nec
404 3391 498 3448 moechi
509 3406 565 3446 ccua
576 3390 618 3446 scd
630 3389 761 3445 domestica
774 3389 875 3444 foeditas
886 3393 956 3458 caput
968 3387 1003 3441 rei

36 3480 81 3541 cst,
97 3481 240 3546 quapropter
257 3476 329 3532 etiam
345 3475 500 3531 intolerabilis
511 3474 599 3530 semina
617 3474 683 3530 ditos
699 3473 778 3536 audit;
795 3472 853 3527 hinc
862 3472 937 3544 igitur
947 3484 1002 3539 pro-

34 3555 175 3616 inclamatio
187 3558 212 3615 in
224 3564 361 3615 transcursu
371 3565 465 3614 tantum
476 3559 566 3614 maritis
576 3557 691 3615 moechos
702 3556 814 3628 opponit,
826 3555 854 3611 ad
868 3569 928 3627 quos
937 3552 1004 3607 solos
