2438 3994
393 291 519 341 SATIRA
540 297 597 343 XV.

9 425 159 504 Numquam
181 426 257 488 aliud
280 437 398 507 natura,
423 433 500 493 aliud
523 438 665 513 sapientia
688 440 766 501 dicit.

10 509 127 568 loribus
148 511 293 590 exemplis
315 514 420 575 videor
440 525 470 576 te
496 517 656 581 claudere?
676 524 766 585 misce

9 591 78 670 Ergo
103 593 212 672 aliquid
234 597 342 656 nostris
364 597 402 659 de
423 597 568 679 moribus,
591 605 679 666 effice
702 627 849 689 summam,

8 676 48 734 Bis
69 686 185 755 septem
208 679 356 740 ordinibus
380 699 464 760 quarn
490 684 540 744 lex
561 687 694 766 dignatur
715 690 846 754 Othonis.

7 759 78 819 Haec
102 778 220 842 quoque
242 765 267 821 si
286 765 386 840 rugam
408 767 494 827 trahit
516 773 705 853 extenditque
727 775 875 857 labellum,
935 793 987 849 325

8 843 86 903 Sume
116 844 189 905 duos
212 849 343 925 equites,
367 849 415 909 iac
437 853 523 912 tertia
546 857 765 935 quadringenta.

8 927 33 985 Si
51 927 176 989 nondum
195 930 314 1010 implevi
336 935 492 1012 gremium,
519 938 544 996 si
568 941 701 1018 panditur
722 943 807 1019 ultra,

7 1009 61 1069 Nec
84 1010 191 1073 Croesi
214 1015 328 1076 tortuna
351 1035 483 1097 umquam
509 1038 566 1081 nec
587 1023 707 1087 Persica
729 1046 821 1106 regna

8 1095 150 1156 Sufficient
172 1099 265 1160 animo
286 1117 343 1160 nec
366 1101 482 1163 divitiae
504 1103 646 1185 Narcissi,

6 1175 118 1238 bdulsit
140 1177 251 1244 Caesar
273 1185 319 1243 cui
344 1182 483 1247 claudius
506 1191 617 1267 omnia,
640 1194 721 1253 cuius
934 1211 987 1264 330

6 1259 92 1322 Paruit
115 1265 246 1344 imperiis
268 1285 389 1328 uxorem
415 1272 553 1332 occidere
575 1275 681 1336 iussus.
791 1273 793 1277 ’

325 1524 557 1606 sn'uunn
585 1543 661 1610 xv.

30 1667 71 1724 uis
97 1669 208 1744 nescit,
235 1667 338 1730 Volusi
361 1671 529 1750 Bithynice,
554 1674 651 1753 qualia
674 1677 794 1740 demens

24 1759 150 1827 egyptus
170 1753 427 1830 portenta-colat?
452 1758 623 1818 crocodilon
644 1760 746 1823 adorat

20 1851 62 1892 ars
85 1833 178 1910 haec,
201 1835 250 1896 illa
273 1848 362 1915 pavet
383 1849 505 1900 saturam
526 1844 712 1916 serpentibus
735 1847 802 1906 ibin.

22 1917 118 1994 iiigies
142 1920 218 1978 sacri
241 1923 313 1979 nitet
335 1939 423 1982 aurea
445 1925 656 2003 cercopitheci,

23 2001 120 2061 imidio
142 2004 283 2080 magicae·
300 2015 438 2066 resonant
460 2006 509 2066 ubi
530 2006 684 2068 Memnone
709 2009 837 2072 chordae
966 2028 982 2078 5

23 2093 91 2164 tque
114 2094 198 2145 retus
224 2087 324 2149 Thebe
350 2099 464 2150 centum
487 2093 565 2152 iacet
588 2092 691 2153 obruta
714 2097 816 2172 portis.

22 2169 55 2228 lic
79 2169 215 2247 aeluros,
239 2171 288 2232 hic
308 2175 420 2251 piscem
444 2175 583 2252 fluminis,
606 2177 668 2236 illic

3 2253 109 2330 'ppida
131 2261 191 2314 tota
216 2273 317 2316 canem
339 2269 531 2337 venerantur,
555 2278 640 2320 nemo
662 2260 792 2322 Dianam.

20 2351 111 2395 orrum
135 2347 164 2397 et
183 2357 277 2419 caepe
295 2341 378 2401 neias
400 2343 514 2405 violare
535 2354 565 2405 et
582 2345 719 2423 frangere
744 2364 859 2409 morsu:

40 2428 157 2481 sanctas
178 2432 302 2501 gentes,
327 2426 430 2505 quibus
451 2426 526 2489 haec
548 2439 703 2508 nascuntur
724 2432 753 2490 in
775 2432 866 2493 hortis
947 2446 980 2496 lc

22 2503 127 2564 nmina!
162 2503 277 2566 Lanatis
300 2510 469 2570 animalibus
490 2513 615 2573 abstinet
638 2516 730 2574 omnis

23 2606 110 2664 ensa,
134 2589 217 2648 ncias
239 2589 300 2648 illic
322 2590 410 2649 letum
433 2595 565 2670 iugulare
588 2598 739 2676 capellae:

19 2672 135 2732 arnibus
160 2669 288 2730 humanis
311 2673 393 2730 vesci
416 2672 495 2733 licet.
528 2675 659 2740 Attonito
679 2699 765 2761 quum

17 2756 60 2817 ale
86 2773 177 2834 super
199 2769 321 2813 coenam
345 2753 458 2814 facinus
477 2771 608 2820 narraret
626 2763 731 2824 Ulixes

19 2839 134 2912 leinoo,
160 2835 249 2897 bilem
271 2846 318 2898 aut
336 2838 425 2898 risum
446 2839 572 2900 fortasse
597 2845 766 2922 quibusdam
946 2854 978 2905 15

21 2929 139 2995 overat,
162 2929 194 2980 ut
213 2921 338 2982 mendax
358 2923 540 3000 aretalogus:
570 2924 602 2984 ln
623 2945 703 2987 mare
725 2948 810 2990 nemo

19 3025 69 3066 nnc
96 3003 203 3082 abicit,
226 3023 315 3066 saeva
337 3008 452 3084 dignum
474 3025 604 3088 veraque
625 3007 783 3088 Charybdi,

19 3089 161 3166 ingentem
182 3090 319 3150 immanes
340 3089 556 3168 Laestrygonas
578 3102 666 3172 atque
687 3091 857 3174 Cyclopas?

3 3167 60 3232 liam
83 3175 167 3233 citius
191 3174 320 3249 Scyllam
341 3175 391 3234 vel
413 3180 617 3238 concurrentia
639 3196 710 3238 saxa
874 3232 875 3236 ,

3 3219 117 3330 llyaneis
139 3256 244 3335 plenos
269 3268 299 3318 et
319 3261 540 3337 tempestatibus
563 3273 643 3323 utres
942 3276 977 3328 20

3 3331 171 3412 {crediderim
197 3351 245 3400 aut
265 3343 343 3402 tenui
366 3361 537 3422 percussum
559 3344 686 3406 verbere
709 3344 810 3406 Circes

3 3415 33 3480 llt
51 3443 113 3484 curn
130 3425 288 3502 remigibus
309 3429 463 3505 grunnisse
485 3429 635 3509 Elpenora
657 3432 772 3509 porcis:

3 3499 59 3574 ¹lan
82 3510 166 3569 vacui
189 3510 290 3587 capitis
313 3512 451 3589 populum
471 3513 603 3575 Phaeaca
627 3511 820 3654 putanti}
