2438 3994
416 240 540 289 saurus
557 242 632 290 v111.
964 240 1004 298 57

24 381 119 442 Solam
142 378 324 458 Eponam'et
345 379 438 438 iacies
462 379 537 438 olida
562 380 597 440 ad
620 383 775 460 praesepia
797 383 899 461 pictas.

25 464 78 523 Sed
102 481 189 541 quum
210 462 370 540 pervigiles
392 462 490 540 placet
513 463 672 523 instaurare
694 467 828 543 popinas,

26 544 133 606 Obvius
157 544 273 606 assiduo
298 545 514 624 {Syrophoenix
536 545 609 606 udus
632 563 743 607 amomo
767 587 770 594 ,

25 627 134 704 conia,
155 628 321 707 Idumaeae]
344 629 549 707 Syrophoenix
569 630 666 690 incola
685 640 787 709 portae
955 647 1003 700 160

24 711 149 791 Hospitis
173 711 279 772 affectu
302 710 444 771 dominum
467 729 627 790 regemque
648 715 763 790 salutat,

24 795 58 854 tu
81 813 145 854 cum
167 795 264 854 venali
289 791 388 870 Cyane
409 797 556 856 succincta
579 796 691 873 lagona.

25 877 169 938 Defensor
191 877 295 956 culpae
319 878 397 938 dicet
418 879 501 939 mihi:
524 878 657 938 Fecimus
681 890 709 939 et
731 897 785 940 nos

26 960 504 1030 Haecinvenes.-Esto;desisti
526 979 647 1040 nempe,
673 982 728 1023 neo
749 964 823 1023 ultra

25 1043 130 1104 Foristi
154 1060 294 1104 errorem.
328 1043 422 1104 Breve
445 1046 497 1120 sit,
519 1046 595 1122 quod
617 1047 741 1124 turpiter
761 1046 865 1117 audem
952 1059 1001 1114 165

27 1125 169 1199 Quaedam
192 1145 256 1187 cum
278 1129 369 1205 prima
389 1137 560 1188 resecentur
583 1130 699 1202 crimina
720 1129 826 1199 barba;

25 1209 140 1288 lodulge
163 1213 276 1271 veniam
293 1212 409 1288 pueris:
432 1210 589 1272 Lateranus
611 1214 646 1273 ud
669 1212 737 1272 illos

26 1292 206 1354 Thermarum
233 1294 342 1354 calices
366 1295 563 1372 inscriptaque
584 1295 672 1355 lintea
694 1297 772 1355 vadit

25 1375 146 1436 Maturus
171 1377 253 1437 bello
275 1376 428 1438 Amneniae
450 1379 609 1456 Syriaeque
630 1379 743 1439 tuendis

26 1458 161 1519 Amnihus
184 1469 214 1519 ct
234 1459 338 1520 Rheno
363 1470 449 1538 atque
470 1461 559 1530 Istro;
589 1470 739 1539 praestare
761 1460 907 1522 Neronem
950 1473 1001 1527 170

27 1544 161 1603 Securum
178 1542 258 1603 valet
276 1542 350 1604 haec
368 1553 457 1604 aetas.
489 1543 570 1604 Mitte
594 1544 691 1621 Ostia,
717 1543 835 1623 Caesar,

26 1625 114 1701 Mitte,
139 1627 193 1687 sed
213 1627 241 1685 in
261 1644 364 1704 magna
384 1627 512 1704 legatum
533 1645 641 1706 quaere
664 1630 785 1706 popina;

26 1707 153 1770 invenies
179 1709 276 1788 aliquo
300 1727 363 1770 cum
388 1727 563 1788 percussore
587 1712 741 1787 iacentem,

27 1792 193 1853 Permixtum
217 1795 309 1853 nautis
333 1802 363 1852 et
385 1792 495 1853 iuribus
520 1812 555 1855 ac
574 1794 713 1872 fugitivis,

28 1874 96 1936 Inter
118 1876 272 1936 carnifices
294 1885 323 1936 et
345 1876 444 1937 fabros
465 1878 677 1956 sandapilamm

29 1957 59 2018 Et
76 1960 235 2038 resupinati
261 1962 405 2020 cessantia
428 1969 562 2038 tympana
580 1961 659 2038 gaiii.

29 2042 120 2122 Aequa
143 2042 184 2102 ibi
205 2041 341 2119 libertas,
368 2046 525 2104 communia
549 2043 670 2122 pocula,
695 2043 790 2102 lectus

30 2123 84 2185 Non
104 2126 180 2186 alius
203 2128 349 2204 cuiquam,
371 2145 427 2187 nec
448 2143 546 2186 mensa
569 2127 707 2186 remotior
727 2125 787 2186 ulli.

30 2206 94 2280 outo
114 2210 208 2269 iacias
231 2209 318 2270 talem
340 2211 474 2287 sortitus,
497 2210 631 2285 Pontice,
653 2205 788 2268 servum?

30 2290 129 2371 Nempe
158 2294 186 2352 in
206 2290 337 2352 Lucanos
362 2302 410 2353 aut
433 2292 528 2353 Tusca
550 2292 696 2370 ergastula
717 2292 821 2356 mittas.
951 2303 1000 2358 180

31 2373 61 2434 tr
79 2393 150 2451 ros,
174 2374 374 2453 Troiugenae,
398 2375 482 2436 vohis
505 2377 655 2453 ignoscitis
679 2383 725 2450 et,
749 2392 822 2451 quae

30 2456 124 2536 Turpia
149 2459 285 2534 certiori,
314 2459 443 2520 Volesos
464 2458 639 2538 Bmtumque
661 2457 813 2518 decehunt.

64 2539 154 2618 Quid,
182 2543 207 2601 si
227 2560 379 2621 numquam
401 2543 474 2603 adeo
497 2544 591 2610 foedis
617 2541 752 2620 adeoque
774 2540 915 2620 pudendis

30 2622 128 2684 Utimur
149 2626 307 2704 exemplis,
329 2635 360 2686 ut
380 2643 438 2685 non
461 2627 562 2704 peiora
587 2621 752 2702 supersint?

31 2703 204 2787 Consumptis
227 2708 330 2786 opibus
350 2726 469 2784 vocem,
493 2708 685 2785 Damasippe‚
706 2707 809 2792 locasti
949 2715 999 2770 185

30 2789 150 2868 Sipario,
175 2791 332 2852 clamosum
357 2809 463 2869 ageres
484 2801 514 2852 ut
536 2791 656 2851 Phasma
679 2788 798 2850 catulli

30 2870 189 2935 Laureolum
210 2875 300 2936 velox
322 2877 408 2936 etiam
429 2876 506 2935 bene
527 2874 663 2934 Lentulus
687 2875 758 2950 egit,

31 2953 115 3017 Iudice
137 2975 184 3018 me
206 2958 309 3035 dignus
328 2977 399 3018 vera
420 2977 518 3019 cruce.
550 2956 614 3018 Nec
634 2965 729 3016 tamen
750 2957 806 3034 ipsi

31 3035 157 3114 Ignoscas
180 3043 306 3120 populo:
329 3042 430 3121 populi
451 3042 532 3102 irons
555 3041 652 3100 durior
673 3040 768 3114 huius,

33 3118 77 3190 uui
96 3122 180 3183 sedet
202 3133 232 3184 ct
254 3134 369 3203 spectat
389 3126 537 3185 triscurria
557 3125 753 3202 patriciorum,
949 3130 999 3184 190

33 3201 189 3284 Planipedes
215 3207 292 3268 audit
311 3207 434 3284 Fabios,
458 3208 554 3268 ridere
572 3215 671 3286 potest
693 3207 741 3284 qui

33 3282 226 3350 Mamercorum
250 3291 359 3369 alapas.
395 3290 498 3364 Quanti
519 3309 570 3351 sua
591 3291 692 3350 funera
712 3288 847 3365 vendant,

34 3365 94 3437 tntu
114 3370 225 3433 referti
247 3375 374 3434 vendunt
395 3375 475 3434 nullo
498 3383 623 3452 cogente
644 3371 773 3450 Nerone,

34 3447 84 3512 Nec
103 3455 232 3516 dubitant
253 3449 492 3535 celsi'praetoris
515 3458 644 3518 vendere
666 3457 752 3517 ludis.
