2438 3994
220 279 261 339 ba
549 291 585 337 1).
606 290 678 337 run.
701 288 888 336 1uvs1vnu1s

222 428 357 489 Clamore
380 447 415 488 ac
437 437 505 506 post
529 428 604 488 haec
627 428 739 488 tabulas
761 437 871 488 mutare
898 427 1030 506 parabis:
1179 441 1216 492 55

221 512 304 574 Unde
326 511 377 570 tibi
399 513 523 572 frontem
546 512 769 590 libertatemque
792 514 931 589 parentis,

223 594 316 669 Quum
337 595 427 655 iacias
453 597 555 674 peiora
577 614 670 655 senex
692 613 872 672 vacuumque
897 595 1022 658 cerebro

221 677 280 739 lom
303 679 415 758 pridem
438 688 525 756 caput
548 679 607 738 hoo
630 689 753 739 ventosa
779 678 927 739 cucurbita
955 677 1100 757 quaerat?

264 761 388 840 Hospite
410 771 549 839 venturo,
573 763 701 822 cessabit
726 779 810 822 nemo
838 772 959 823 tuorum.

224 845 317 906 Verre
339 847 547 925 pavimentum,
570 847 674 906 nitidas
697 846 820 905 ostende
843 846 1001 921 columnas,
1182 857 1214 908 oo

223 929 313 989 Arida
336 948 400 989 curn
422 938 483 990 tota
509 929 670 990 descendat
691 947 797 989 aranea
819 930 889 1006 tela,

222 1013 276 1073 llic
298 1013 365 1073 leve
389 1021 557 1090 argentum,
581 1031 651 1073 vasa
676 1031 781 1091 aspera
804 1021 920 1090 tergeat
942 1012 1031 1072 alter:

223 1095 290 1156 Vox
312 1096 418 1155 domini
443 1097 511 1155 furit
536 1098 666 1156 instantis
688 1099 855 1176 virgamque
879 1097 1015 1157 tenentis.

223 1178 303 1257 Ergo
325 1181 415 1238 miser
436 1180 580 1258 trepidas,
604 1199 641 1240 ne
663 1191 795 1241 stercore
817 1181 905 1241 iocda
928 1179 1030 1240 canino

223 1264 306 1322 Atria
327 1262 502 1342 displiceant
524 1264 618 1323 oculis
642 1266 784 1324 venientis
809 1265 903 1340 amici,
1183 1274 1217 1344 55

186 1391 191 1398 .
222 1345 266 1406 Ne
290 1346 411 1424 perlusa
439 1347 499 1407 luto
527 1349 564 1407 sit
586 1350 731 1426 porticus;
758 1358 787 1408 et
807 1358 904 1407 tamen
924 1364 980 1406 uno

223 1431 362 1491 Semodio
387 1430 486 1491 scobis
509 1432 583 1492 haec
607 1432 741 1492 emendat
766 1432 899 1492 servulus
924 1449 1010 1490 unus:

223 1513 297 1574 lllud
324 1531 382 1573 non
408 1517 517 1591 agitas
543 1525 574 1575 ut
596 1525 725 1575 sanctam
744 1514 819 1576 lilius
843 1518 919 1575 omni

223 1596 356 1676 Aspiciat
375 1599 438 1659 sine
465 1599 532 1658 labe
556 1599 669 1659 domum
695 1601 824 1678 vitioque
850 1595 1016 1660 carentem?

224 1679 341 1740 Gratum
367 1691 428 1756 est,
454 1683 531 1759 quod
554 1685 665 1761 patriae
690 1686 783 1742 civem
807 1682 977 1761 populoque
1005 1680 1123 1757 dedisti,
1182 1689 1214 1742 7ο

224 1764 254 1821 Si
277 1764 352 1823 lacis
378 1774 408 1823 ut
434 1767 545 1842 patriae
570 1769 607 1825 sit
632 1767 773 1840 idoneus,
800 1767 877 1824 utilis
902 1768 992 1842 agris,

224 1845 308 1905 Utilis
334 1857 363 1906 et
387 1847 532 1908 bellorum
554 1858 594 1908 et
607 1851 688 1928 pacis
711 1810 798 1909 rebbs
824 1850 955 1927 agendis

224 1929 378 1990 Plurimum
399 1932 474 1991 enim
493 1933 641 2009 intererit,
666 1933 768 2012 quibus
787 1933 895 1995 artibus
915 1942 945 1992 et
964 1931 1069 2011 quibus
1091 1932 1168 1992 bunc
1186 1943 1212 1990 tu

223 2011 354 2074 bloribus
379 2017 520 2076 instituas.
561 2018 705 2097 Serpente
728 2019 840 2078 ciconia
861 2016 957 2097 pullos

224 2094 320 2157 Nutrit
344 2108 374 2158 et
395 2101 511 2160 inventa
535 2119 590 2179 per
615 2101 699 2161 devia
718 2120 784 2160 ruru
808 2101 933 2161 lacerta:
1181 2108 1211 2161 75

223 2179 271 2240 1777
298 2181 400 2242 eadem
428 2187 549 2262 sumptis
577 2194 719 2262 quaerunt
742 2185 873 2244 animalia
896 2185 999 2263 pinnis.

223 2262 329 2323 Vultur
354 2267 480 2333 iumento
504 2276 533 2327 et
558 2268 675 2327 canibus
700 2268 892 2348 crucibusque
913 2254 1063 2328 relictis·

223 2345 270 2406 Ad
296 2347 374 2407 letus
402 2360 544 2427 properat
567 2362 736 2447 partemque
763 2351 913 2410 cadaveris
935 2351 1034 2411 affert:

222 2427 277 2488 llic
304 2440 350 2489 est
372 2448 444 2508 ergo
468 2432 549 2491 cibus
571 2435 666 2509 magni
689 2449 805 2512 quoque
827 2433 948 2493 vulturis
974 2443 1058 2492 etse

223 2511 389 2591 Pascentis‚
412 2517 532 2593 propria
554 2535 639 2594 quum
661 2517 716 2575 iam
736 2516 805 2575 iacit
827 2515 931 2576 arbore
953 2517 1049 2577 nidos.
1179 2526 1211 2578 87

223 2596 283 2656 Sed
306 2597 439 2677 leporem
464 2609 512 2660 aut
538 2618 674 2678 capream
697 2599 821 2660 famulae
845 2600 922 2660 lovis
943 2609 974 2661 et
993 2618 1160 2678 generosae

222 2679 254 2740 In
277 2681 352 2742 saltu
375 2693 516 2742 venantur
538 2702 625 2761 aves,
647 2683 715 2743 hinc
737 2685 845 2762 praeda
872 2685 960 2745 cubili

223 2764 356 2826 Ponitur:
380 2768 446 2827 inde
469 2776 564 2828 autem
585 2787 671 2846 quum
694 2786 727 2827 se
747 2777 855 2828 matura
877 2767 985 2828 levabit

222 2849 399 2926 Progenies,
424 2851 588 2911 stimulante
611 2852 688 2911 lame
710 2852 828 2911 festinat
847 2850 882 2911 ad
903 2850 991 2928 illam,

223 2931 314 3005 Quam
337 2936 457 3012 primum
475 2936 612 3014 praedam
634 2945 718 3014 rupto
742 2944 911 3011 gustaverat
933 2951 1000 2994 ovo.
1176 2945 1207 2998 85

265 3017 444 3078 Aedificator
466 3029 529 3078 erat
552 3017 705 3079 Cretonius
738 3027 767 3080 et
799 3018 885 3077 modo
913 3034 1002 3078 curvo

221 3099 320 3158 Litore
344 3099 481 3177 Caietae,
504 3120 612 3162 summa
634 3120 709 3161 nunc
729 3101 844 3161 Tiburis
867 3119 946 3177 arce,

221 3180 305 3241 Nunc
326 3181 523 3244 Praenestinis
545 3187 574 3244 in
595 3184 739 3245 montibus
763 3185 821 3245 alta
842 3184 964 3263 parabat

223 3263 353 3326 Culmina
372 3267 504 3327 villarum
523 3267 641 3329 Graecis
666 3269 813 3346 longeque
833 3271 931 3347 petitis

221 3347 430 3424 blarmoribus3
450 3353 570 3410 vincens
592 3352 738 3413 Fortunae
760 3361 847 3430 atqu'e
868 3351 1003 3413 llerculis
1026 3353 1138 3429 aedem,
1172 3363 1205 3416 90

221 3433 261 3494 Ut
282 3433 373 3510 spado
396 3433 531 3494 vincebat
553 3434 699 3514 Capitolia
721 3445 819 3495 nostra
841 3436 972 3496 Posides.

225 3516 302 3576 Dum
318 3517 362 3574 sic
382 3533 454 3594 ergo
477 3516 587 3578 habitat
610 3517 785 3594 Cretonius,
823 3521 960 3580 imminuit
981 3538 1054 3594 rem,
