2438 3994
543 274 579 320 D.
602 274 672 320 IUN.
695 271 880 320 tttvttrtaltts

535 506 868 571 SATIRAXII.

211 622 328 724 Natali,
356 647 497 724 Corvino,
522 649 569 709 dic
590 649 657 709 mihi
681 650 794 710 dulcior
818 649 891 709 haec
917 648 977 725 lux,

212 738 275 811 Qua
298 734 389 793 festus
413 733 556 812 promissa
578 733 641 793 deis
664 734 794 794 animalia
817 751 922 811 cespes

211 821 383 897 Exspectat.
416 815 536 876 Niream
558 818 677 893 reginae
701 818 830 878 ducimus
852 834 965 893 agnam,

211 907 265 966 Par
287 901 382 962 vellus
406 899 519 960 dabitur
541 904 677 978 pugnanti
699 899 836 979 Gorgone
856 899 969 968 Nauna:

212 988 271 1048 Sed
292 984 396 1064 procul
419 994 570 1044 extensum
594 985 728 1062 petulans
751 986 841 1062 quatit
861 983 954 1044 hostia
976 985 1073 1044 iunem
1177 995 1190 1045 t

211 1071 338 1148 'l'arpeio
360 1077 475 1128 servata
499 1067 562 1128 lovi
587 1067 770 1146 frontemque
792 1077 938 1142 coruscat,

212 1155 329 1231 Quippe
354 1152 440 1211 ferox
461 1152 586 1227 vitulus,
616 1152 730 1230 templis
754 1160 881 1212 maturus
904 1161 933 1210 et
959 1170 1027 1211 arae

212 1235 461 1316 spargendusque
487 1252 585 1310 mero,
609 1254 694 1314 quern
716 1237 771 1296 iam
794 1235 883 1314 pudet
903 1235 995 1295 ubera
1017 1239 1118 1296 matris

211 1321 346 1394 Ducere,
374 1321 529 1396 quiverat
550 1323 681 1378 nascenti
703 1319 811 1379 robora
833 1335 931 1378 cornu.

211 1406 242 1466 Si
265 1421 313 1462 ras
337 1402 432 1480 ampla
454 1402 531 1462 dorni
552 1403 711 1481 similisque
734 1401 885 1464 affectibus
908 1411 998 1478 esset,
1166 1417 1190 1466 to

211 1488 348 1564 Pinguior
370 1485 501 1564 Hispulla
524 1486 686 1547 traheretur
707 1496 805 1546 taurus
829 1495 859 1546 et
882 1487 946 1564 ipsa

210 1569 289 1631 Nole
312 1572 397 1648 piger
418 1588 474 1629 nec
496 1570 612 1630 finitima
633 1571 753 1631 nutritus
775 1573 803 1630 in
825 1569 926 1644 herba,
1088 1638 1092 1644 ,

211 1653 298 1714 Laeta
321 1653 374 1713 scd
398 1654 554 1713 ostendens
579 1651 712 1713 Clitumni
735 1672 844 1732 pascua
870 1653 987 1730 sanguis

211 1738 270 1797 lret
293 1745 323 1795 et
344 1755 360 1796 a
381 1736 483 1812 grandi
507 1739 608 1796 cervix
629 1738 759 1797 ferienda
784 1738 924 1812 ministro,

212 1819 256 1879 Ob
278 1818 401 1879 reditum
423 1820 593 1898 trepidantis
616 1821 708 1880 adhuc
729 1820 930 1898 horrendaque
954 1821 1032 1898 passi
1161 1835 1188 1886 15

210 1903 312 1981 Nuper
334 1911 363 1962 et
385 1902 558 1962 incolumem
581 1922 649 1963 sese
669 1905 796 1964 mirantis
818 1905 911 1964 amici.

210 1987 282 2048 Nam
304 1995 422 2065 praeter
446 1987 545 2066 pelagi
568 2006 652 2048 casos
676 1999 705 2048 et
729 1989 852 2049 iulminis
874 1989 947 2047 ictus

211 2070 327 2130 Evasit:
361 2069 470 2132 densae
494 2071 608 2131 coelum
632 2071 813 2133 abscondere
840 2070 979 2131 tenebrae

210 2154 293 2214 Nube
319 2173 375 2214 uua
401 2154 572 2234 subitusque
595 2165 742 2216 antemnas
765 2156 877 2234 impulit
899 2155 984 2232 ignis,

212 2238 305 2311 Quum
327 2255 361 2297 se
385 2239 506 2316 quisque
530 2239 580 2298 illo
602 2257 773 2317 percussum
797 2239 932 2299 crederet
958 2248 986 2298 et
1007 2256 1077 2298 mox

212 2322 358 2380 Attonitus
383 2320 490 2380 nullum
513 2322 639 2380 conferri
662 2340 751 2401 posse
775 2332 890 2400 putaret

211 2402 397 2479 Naufragium
418 2402 492 2461 uelis
516 2405 691 2464 ardentibus.
727 2403 826 2464 Omnia
850 2406 918 2464 liunt

218 2486 308 2561 salia,
332 2494 388 2545 tam
411 2487 555 2562 graviter,
578 2489 602 2546 si
625 2487 739 2566 quando
758 2489 876 2565 poetica
897 2491 990 2565 surgit

211 2569 393 2647 Tempestas.
429 2568 525 2629 Genus
547 2589 619 2630 ecce
641 2571 719 2630 aliud
742 2571 911 2632 discriminis
934 2572 999 2633 audi

211 2653 247 2712 Et
269 2655 410 2712 miserere
432 2655 549 2730 iterum,
574 2673 744 2734 quamquam
767 2657 821 2714 sint
845 2663 945 2716 cetera
967 2658 1058 2716 sortis

210 2735 348 2797 Eiusdem
371 2753 439 2815 pars
462 2737 522 2798 dira
544 2740 679 2818 quidem,
702 2740 755 2800 sed
780 2740 896 2816 cognita
919 2739 1014 2798 multis

210 2819 248 2880 Et
270 2839 353 2899 quam
375 2822 473 2880 votiva
497 2831 636 2882 testantur
657 2823 723 2883 fana
747 2822 856 2883 tabella

211 2903 350 2972 Plurima;
373 2907 501 2982 pictores
525 2907 588 2984 quis
610 2909 704 2966 nescit
726 2906 761 2966 ab
784 2905 861 2965 lside
885 2904 988 2983 pasci?

210 2989 327 3047 Accidit
351 2998 380 3047 et
401 2998 501 3048 nostro
525 2990 626 3049 similis
651 2990 763 3050 iortuna
786 2987 910 3049 Catullo.

211 3070 303 3143 Quium
325 3070 428 3148 plenus
451 3071 538 3131 ductu
559 3073 669 3133 medius
689 3073 765 3132 ioret
786 3073 886 3132 alveus
910 3082 939 3133 et
960 3075 1025 3151 iam,

210 3153 360 3212 Alternum
385 3156 489 3232 puppis
512 3154 587 3214 latus
614 3156 810 3214 evertentibus
836 3155 918 3216 undis

211 3234 334 3297 Arboris
356 3238 501 3313 incertae,
524 3237 628 3296 nullam
654 3239 803 3317 prodentia
826 3241 889 3299 cani

211 3318 345 3378 Rectoris
368 3318 515 3379 conferret
537 3337 638 3398 opem,
662 3321 800 3382 decidere
822 3323 897 3382 iactu

211 3399 317 3478 Coepit
340 3419 403 3460 cum
425 3405 535 3478 ventis,
558 3405 681 3464 imitatus
706 3415 837 3481 castora,
865 3407 913 3484 qui
936 3423 968 3466 se

211 3483 378 3543 Eunuchum
400 3485 464 3562 ipse
487 3486 573 3564 iacit,
599 3490 718 3566 cupiens
742 3490 868 3549 evadere
890 3489 993 3549 damno
