2438 3994
186 345 189 354 Δ
226 267 267 329 68
569 281 605 327 n.
626 278 698 326 ron.
720 279 907 326 ruvnnsurs

225 418 279 478 Dis
302 416 352 476 ille
376 419 508 478 adversis
532 420 648 496 genitus
670 418 789 496 latoque
813 417 941 492 sinistro,

227 500 320 574 Quem
341 510 425 579 pater
449 502 577 562 ardentis
598 519 711 562 massae
732 499 853 578 iuligine
874 500 969 579 lippus
1153 512 1190 565 llo

226 585 253 645 A
276 585 404 645 carbone
425 594 455 645 et
477 585 637 663 forcipibus
657 585 829 663 gladiosque
851 594 972 662 parante

226 668 333 729 lncude
357 679 387 729 et
411 669 491 729 luteo
511 669 643 729 Vulcano
666 669 702 729 ad
726 667 845 729 rhetora
866 669 952 727 misit.

266 751 414 812 Bellorum
437 754 575 829 exuviae,
599 754 704 812 truncis
728 751 816 812 ailina
837 753 966 830 tropaeis

224 837 329 896 Lorica
351 845 382 896 et
403 836 496 897 fracta
517 837 554 897 de
577 836 692 897 casside
715 836 837 896 buccula
860 836 990 914 pendens

225 918 263 979 Et
286 929 395 980 curtum
415 928 532 980 temone
553 922 649 997 iugum
669 921 823 997 victaeque
846 920 969 978 triremis
1156 929 1190 981 itt

228 1004 364 1081 Aplustro
389 1012 419 1062 et
439 1020 549 1063 summo
570 1005 660 1062 tristis
683 1005 813 1080 captivus
836 1003 865 1061 in
886 1020 955 1061 arcu

224 1086 358 1146 Humanis
378 1087 486 1145 maiora
508 1086 593 1145 honis
615 1085 779 1145 creduntur.
815 1085 862 1144 Ad
884 1085 941 1144 hoc
967 1103 999 1144 se

223 1168 370 1228 Romanus
395 1167 554 1248 Graiusque
579 1177 607 1227 et
630 1167 770 1229 barbarus
792 1167 981 1245 induperator
1102 1195 1106 1201 ·

224 1251 337 1311 Erexit:
363 1268 466 1312 causas
489 1253 660 1313 discriminis
685 1261 771 1331 atque
793 1250 902 1311 laboris
1073 1259 1077 1268 '

222 1335 293 1395 inde
314 1335 422 1396 hahuit.
459 1335 551 1396 Tanto
573 1337 665 1395 maior
689 1336 782 1396 famae
807 1336 868 1394 sitis
893 1345 955 1409 est,
979 1352 1064 1412 quam
1155 1347 1191 1397 111

221 1418 351 1478 Virtutis.
387 1418 458 1492 Quis
480 1420 554 1479 enim
576 1421 710 1479 virtutem
732 1418 915 1498 amplectitur
936 1421 1039 1495 ipsam,

223 1502 352 1562 Praemia
373 1503 398 1561 si
418 1501 527 1563 tollas?
550 1505 671 1582 patriam
693 1512 788 1562 tamen
811 1502 907 1561 obruit
935 1501 1004 1561 olim

224 1585 322 1646 Gloria
345 1602 502 1664 paucorum
524 1597 553 1645 et
578 1586 669 1646 laudis
691 1587 822 1665 titulique
847 1586 952 1664 cupido

223 1668 345 1728 liaesuri
366 1672 444 1728 saxis
468 1672 595 1729 cinerum
619 1669 803 1744 custodibus,
831 1669 964 1748 adquae

223 1751 410 1812 Discutienda
431 1753 529 1812 valent
553 1753 660 1812 sterilis
682 1753 756 1812 mala
782 1752 889 1812 robora
913 1753 970 1828 lici,
1155 1765 1192 1817 145

163 1875 167 1886 ⁴
224 1833 462 1914 Quandoquidem
487 1836 553 1896 data
574 1846 639 1895 sunt
663 1837 734 1913 ipsis
757 1852 873 1915 quoque
896 1836 953 1896 iata
980 1837 1132 1914 sepulcris.

223 1915 366 1997 Expende
388 1919 590 1980 Hannibalem:
617 1929 688 1999 quot
708 1919 798 1980 libras
820 1921 848 1978 in
870 1920 945 1979 duce
968 1937 1077 1980 summo
1197 1973 1198 1985 ,

221 2001 377 2063 Invenies?
404 2003 452 2063 hic
475 2014 535 2080 est,
558 2022 643 2083 quem
667 2019 724 2062 non
748 2006 826 2082 capit
847 2002 947 2063 Airica
969 2002 1070 2063 hlauro

221 2086 365 2148 Percussa
387 2086 505 2149 Oceano
528 2086 654 2166 Niloque
678 2087 792 2148 admota
815 2089 935 2165 tepenti,

222 2169 331 2230 Rursus
356 2171 392 2231 ad
416 2171 593 2250 Aethiopum
614 2170 741 2250 populos
764 2172 897 2248 altosque
919 2171 1101 2249 elephantos.
1153 2183 1193 2234 151

221 2253 344 2314 Additur
371 2257 499 2332 imperiis
521 2254 674 2332 Hispania,
698 2254 877 2328 Pyrenaeum

221 2335 370 2405 Transilit;
395 2339 532 2414 opposuit
554 2345 654 2396 natura
676 2336 839 2414 Alpemque
861 2338 1031 2416 niuemque:

220 2419 336 2478 Diducit
358 2420 499 2496 scopulos
522 2427 552 2477 et
572 2428 698 2477 montem
719 2422 823 2496 rumpit
848 2428 943 2478 aceto.

221 2500 278 2562 Iam
303 2510 384 2561 tenet
404 2500 530 2566 ltaliam:
556 2512 652 2561 tamen
674 2501 747 2561 ultra
772 2519 900 2580 pergere
923 2503 1028 2563 tendit:

220 2584 341 2661 Actum,
365 2587 471 2663 inquit,
492 2585 561 2645 nihil
590 2594 651 2660 est,
674 2586 728 2643 nisi
750 2585 848 2645 Poeno
871 2585 960 2645 milite
984 2598 1085 2664 portas
1154 2599 1194 2650 155

219 2668 387 2746 Frangimus
412 2679 442 2728 et
464 2668 558 2729 media
579 2667 719 2728 vexillum
743 2686 819 2748 pono
843 2669 964 2729 Subura.

220 2751 244 2811 0
268 2753 361 2830 qualis
385 2753 476 2813 iacies
499 2761 528 2810 et
550 2751 627 2829 quali
653 2751 738 2828 digna
760 2754 879 2828 tabella,

220 2834 312 2908 Quum
336 2835 455 2897 Gaetula
481 2836 584 2895 ducem
607 2845 737 2912 portaret
757 2835 855 2897 hellua
881 2837 1006 2897 luscum!

219 2918 321 2978 Exitus
345 2935 417 2996 ergo
440 2920 504 2998 quis
527 2915 592 2978 est?
618 2937 635 2978 o
657 2919 764 2997 gloria!
789 2920 911 2980 vincitur
932 2921 1007 2980 idem

218 3001 331 3080 Nempe
354 3004 430 3061 etin
451 3001 567 3061 exilium
590 3021 736 3082 praeceps
756 3003 829 3081 fugit
851 3014 936 3082 atque
953 3005 995 3062 ihi
1017 3023 1139 3084 magnus
1154 3014 1192 3067 111

219 3084 422 3162 hlirandusque
449 3084 541 3145 cliens
567 3086 651 3146 sedet
678 3086 713 3147 ad
733 3089 879 3165 praetoria
904 3089 995 3164 regis,

218 3167 322 3228 Donec
343 3167 466 3244 Bithyno
491 3169 582 3229 libeat
604 3171 726 3248 vigilare
752 3181 883 3246 tyranno.

217 3251 317 3312 Finem
339 3255 466 3328 animae,
493 3270 568 3331 quae
593 3272 641 3313 res
666 3254 803 3314 humanas
828 3255 943 3314 miscuit
964 3255 1043 3330 olim,

217 3336 282 3395 Non
308 3335 416 3412 gladii,
439 3354 497 3396 non
519 3355 589 3396 saxa
610 3337 730 3412 dahunt,
754 3356 810 3396 nec
832 3338 906 3412 tela,
936 3339 988 3398 sed
1010 3338 1062 3398 ille

218 3417 377 3478 Cannarum
403 3419 511 3480 vindex
538 3429 567 3479 et
590 3423 660 3482 tanti
687 3423 832 3499 sanguinis
854 3422 931 3481 ultor
1157 3430 1190 3482 161

217 3500 355 3562 Annulus.
391 3503 405 3563 1
430 3504 550 3565 demens
573 3511 604 3564 et
629 3522 734 3565 saevas
755 3523 839 3564 curre
864 3523 918 3584 per
942 3504 1046 3582 Alpes,
