2438 3994
196 259 237 321 86
522 267 556 314 υ.
579 268 655 316 run..
675 267 862 316 ruvnnnnus

196 412 311 489 Perque
333 419 424 485 tuum,
446 416 530 486 pater
548 405 661 485 Aegaei
683 405 835 484 Neptune,
858 404 1026 471 tridentem:

196 494 286 554 Addit
303 501 333 552 et
353 491 517 552 Herculeos
539 508 624 550 arcus
645 490 815 568 hastamque
836 488 985 550 llinervae
1004 494 1035 548 et

197 576 344 656 Quidquid
365 575 472 637 habent
492 573 616 635 telorum
635 575 853 634 armamentaria
877 573 963 634 coeli.

197 662 323 722 sivero
346 669 375 720 et
394 668 477 738 pater
500 666 561 734 est,
584 657 751 734 comedam,
773 658 879 736 inquit,
903 656 1002 718 debile
1026 656 1086 716 nati

197 745 328 824 sinciput
346 745 415 803 elixi
436 742 599 822 Pharioque
621 741 763 802 madentis
784 750 880 802 aceto.

240 829 311 889 Sunt
329 827 358 886 in
379 827 511 887 fortunae
533 827 583 905 qui
605 825 721 887 casibus
742 827 838 888 omnia
856 833 962 903 ponant

197 911 235 973 Et
253 911 333 972 nullo
357 910 476 972 credant
497 910 628 970 mundum
650 918 768 970 rectore
791 911 913 986 moveri,

198 995 305 1057 Natura
326 995 465 1056 volvente
485 995 568 1054 vices
590 1003 618 1053 et
639 993 713 1054 lucis
737 1003 766 1054 et
784 993 860 1069 anni,

198 1079 294 1158 Atque
316 1079 384 1139 ideo
405 1078 539 1156 intrepidi
562 1095 763 1156 quaecumque
785 1077 886 1138 altaria
907 1085 1035 1154 tangunt.
1205 1075 1206 1080 ’

198 1164 251 1223 Est
273 1161 346 1223 alius
367 1170 516 1237 metuens,
538 1179 575 1221 ne
599 1162 707 1222 crimen
728 1178 825 1240 poena
848 1169 999 1239 sequatur;
1161 1170 1191 1224 oo

198 1246 251 1306 llic
273 1255 354 1325 putat
371 1263 438 1315 esse
461 1246 535 1306 deos
556 1253 586 1305 et
609 1245 739 1323 peierat,
763 1255 850 1325 atque
872 1247 910 1305 itu
933 1261 1050 1306 secum:
1206 1259 1207 1264 ¹

197 1331 362 1406 Decernat,
386 1329 588 1408 quodcumque
609 1328 707 1403 volet,
730 1330 768 1390 de
792 1345 918 1407 corpore
938 1337 1041 1388 nostro

198 1414 253 1473 lsis
273 1423 303 1473 et
323 1415 397 1474 irato
417 1414 504 1475 ieriat
524 1431 589 1474 mea
613 1413 718 1474 lumina
740 1415 838 1488 sistro,
1207 1412 1208 1492 l

198 1497 358 1558 Dummodo
380 1497 429 1557 vel
452 1514 558 1557 caecus
581 1506 696 1558 teneam
714 1514 788 1576 quos
810 1496 926 1574 abnego
948 1513 1092 1557 nummos.

198 1581 236 1641 Et
258 1581 380 1659 phthisis
399 1591 427 1640 et
448 1583 580 1642 vomicae
604 1589 704 1660 putres
726 1591 756 1640 et
777 1581 922 1641 dimidium
946 1598 1012 1640 crus
1161 1589 1208 1644 95'

199 1667 269 1726 Sunt
285 1667 371 1742 tanti,
394 1683 506 1743 pauper
525 1664 704 1744 locupletem
727 1673 829 1744 optare
849 1664 1009 1742 podagram

199 1747 265 1808 Nec
286 1746 398 1808 dultitet
416 1746 526 1824 Ladas,
549 1748 573 1807 si
598 1765 655 1809 non
674 1758 743 1827 eget
761 1748 900 1823 Anticyra
919 1766 975 1808 nec

201 1831 383 1910 Archigene:
407 1832 475 1911 quid
497 1833 573 1891 enim
594 1833 707 1892 velocis
728 1833 823 1911 gloria
846 1832 962 1910 plantae

199 1916 333 1976 Praestat
355 1924 384 1975 et
407 1917 538 1976 esuriens
557 1915 678 1977 Pisaeae
701 1935 798 1978 ramus
821 1912 940 1976 olivae?

199 1999 236 2060 Ut
254 2000 290 2059 sit
312 2017 431 2077 magna,
452 2009 546 2062 tamen
570 2010 650 2061 certe
674 2001 752 2062 lenta
773 2003 815 2062 ira
838 2001 958 2061 deorum
980 2009 1040 2061 est:
1146 1998 1210 2070 toul

199 2084 231 2144 Si
254 2093 353 2144 curant
374 2085 460 2163 igitur
483 2095 604 2145 cunctos
622 2087 724 2160 punire
745 2093 898 2160 nocentes,

201 2168 322 2241 Quando
342 2168 378 2230 ad
399 2187 446 2229 me
468 2167 677 2230 venient?Sed
699 2178 729 2228 et
751 2168 902 2229 exorabile
924 2185 1030 2228 numen

198 2250 338 2312 Fortasse
361 2253 512 2330 experiar;
532 2253 610 2313 solet
630 2252 675 2312 his
698 2254 870 2329 ignoscere3
893 2252 973 2312 multi

201 2332 385 2395 Committunt
408 2335 511 2395 eadem
532 2336 649 2396 diverso
671 2338 789 2396 crimina
810 2336 887 2410 iat03

199 2417 254 2477 llle
278 2435 394 2477 crucem
415 2419 541 2478 sceleris
561 2421 684 2496 pretium
707 2418 787 2495 tulit,
810 2420 858 2479 hic
877 2420 1017 2482 diadema.
1147 2429 1195 2481 105

199 2502 250 2561 Sic
268 2501 389 2560 animum
412 2501 492 2562 dirae
514 2502 657 2581 trepidum
678 2503 831 2564 formidine
852 2505 956 2582 culpae

201 2582 381 2646 confirmans
400 2595 467 2646 tunc
489 2595 519 2646 te
540 2604 624 2647 sacra
643 2587 679 2647 ad
701 2586 822 2648 delubra
844 2598 997 2648 vocantem

200 2669 367 2746 Praecedit,
391 2671 508 2731 trahere
531 2673 616 2731 immo
638 2670 713 2731 ultro
733 2689 770 2732 ac
788 2690 898 2732 vexare
921 2680 1048 2750 paratus.

199 2752 272 2814 Nam
295 2772 380 2832 quum
402 2773 504 2832 magna
526 2755 620 2816 malae
644 2765 780 2833 superest
800 2755 920 2816 andacia
943 2772 1062 2830 causae,

201 2835 372 2899 creditura
394 2839 489 2899 multis
512 2839 625 2901 fiducia.
670 2839 784 2901 llimuna
805 2840 866 2916 agit
886 2839 947 2915 ille,
1143 2847 1197 2898 lto

201 2921 309 2982 Urbani
331 2923 446 3001 qualem
468 2923 605 3001 fugitivus
629 2943 728 2985 scurra
748 2921 867 2984 Catulli:

200 3004 243 3064 Pu
258 3007 347 3065 miser
370 3007 533 3083 exclamas,
557 3016 587 3067 ut
609 3009 746 3068 Stentora
765 3009 885 3068 vincere
904 3005 1013 3085 possis,

199 3087 257 3147 Vel
278 3091 374 3166 potius
397 3099 530 3168 quamam
554 3092 693 3153 Gradivus
715 3091 903 3152 Homericus:
926 3089 1029 3165 Audis,

201 3170 349 3249 luppiter,
371 3174 462 3249 haec,
481 3191 537 3234 nec
559 3173 641 3235 labra
659 3193 776 3251 moves,
798 3193 883 3254 quum
906 3175 1021 3234 mittere
1042 3188 1148 3232 vocem

200 3253 344 3314 Deltueris
372 3257 420 3316 rel
443 3275 621 3318 marmoreus
643 3258 692 3319 rel
714 3256 846 3319 senensi
870 3268 919 3319 aut
936 3275 987 3318 cur
1140 3265 1194 3316 115

200 3337 233 3398 ln
255 3340 383 3400 carbona
404 3349 453 3400 tuo
477 3339 575 3402 charta
596 3343 643 3420 pia
664 3352 727 3403 tura
747 3343 842 3403 soluta

201 3420 336 3482 Ponimus
356 3433 386 3483 et
406 3433 517 3484 sectum
536 3425 616 3486 vituli
634 3427 716 3486 iecur
736 3426 860 3505 albaque
879 3425 963 3505 porci

202 3501 347 3566 Omental
368 3515 399 3567 ut
419 3508 524 3585 video,
548 3509 655 3568 nullum
680 3509 834 3569 discrimen
855 3507 1018 3569 habendum
1038 3513 1084 3566 est
