2444 3984
198 215 219 278 8
525 226 560 272 Ι).
582 226 652 274 IUN.
675 225 861 274 tuvtattauts

136 354 140 364 ’
202 359 362 430 liontauum
382 364 484 442 positis
506 362 629 424 audiret
642 363 746 441 vulgus
768 365 880 424 aratris.
1034 443 1036 448 Α

201 449 276 523 Quid
297 465 354 508 nou
377 447 562 527 proclames,
585 449 761 525 incorpore
784 447 887 508 iudicis
909 449 964 508 ista

201 535 232 593 Si
251 529 374 593 videas?
396 547 506 610 quaero
527 549 562 591 an
585 531 709 592 deceant
729 530 856 591 multicia
878 527 1004 593 testem?

143 622 146 628 '
200 617 281 678 Acer
303 624 332 676 et
353 614 516 676 indomitus
529 614 730 693 libertatisque
753 615 908 692 magister,

201 697 336 775 Oretice,
354 698 507 775 perlucesl
528 697 618 758 Dedit
636 698 712 780 lranc
734 700 868 775 contagio
891 699 987 759 labem

199 783 237 845 Et
258 783 336 844 dabit
356 784 384 841 iu
407 781 523 860 plures;
551 783 718 859 sicut-grex
739 791 817 843 totus
837 783 865 840 in
884 784 963 859 agris

199 867 289 928 Unius
310 865 410 927 scabie
433 865 509 926 cadit
532 874 561 925 et
583 866 732 944 porrigine
754 867 854 944 porci,

99 947 102 978 ³
198 945 320 1029 U'vaque
344 957 502 1027 conspecta
525 948 647 1009 livorem
669 949 746 1010 ducit
767 949 804 1008 ab
826 966 891 1009 uva.

199 1033 326 1094 Foedius
349 1033 406 1093 hoc
429 1031 536 1109 aliquid
558 1031 732 1110 quandoque
755 1030 877 1092 audebis
898 1033 1033 1102 amictus

200 1117 293 1178 Nemo
315 1124 438 1194 repente
460 1115 732 1193 iuit'turpissimum
754 1116 899 1193 accipient
920 1125 950 1176 tc

200 1200 353 1276 Paulatim,
374 1200 423 1278 qui
445 1198 532 1275 longa
554 1199 630 1258 domi
651 1198 819 1259 redimicula
841 1208 952 1258 sumunt

199 1283 354 1344 Frontibus
377 1292 406 1342 et
428 1291 490 1342 toto
515 1299 644 1361 posuere
664 1282 780 1347 monilia
803 1282 899 1358 collo,

201 1368 297 1446 Atque
317 1366 425 1428 Bonam
446 1375 567 1426 tenerae
590 1366 706 1444 placant
728 1365 882 1426 abdomine
904 1384 1013 1445 porcae

201 1448 237 1514 Et
258 1468 362 1530 magno
385 1458 501 1511 cratere
523 1448 630 1517 Deam;
659 1450 712 1510 sed
733 1466 814 1510 more
837 1451 952 1512 sinistro

200 1534 353 1614 Exagitata
375 1534 479 1614 procul
498 1551 555 1593 nou
577 1535 663 1594 intrat
683 1534 788 1594 semina
811 1534 913 1602 limen;

200 1619 279 1679 Solis
301 1637 350 1679 ara
372 1619 445 1678 deae
466 1616 592 1680 maribus
612 1627 702 1696 patet.
733 1617 776 1686 lte
798 1618 954 1696 profanae!
1013 1664 1017 1670 -
1067 1675 1070 1680 ,

201 1700 361 1770 clamatum
384 1700 464 1761 nullo
486 1701 575 1778 gemit
596 1700 643 1760 hic
663 1701 780 1762 tibicina
804 1719 902 1762 cornu.

200 1785 281 1847 Talia
304 1794 420 1845 secreta
443 1785 594 1846 coluerunt
616 1785 698 1862 orgia
720 1786 806 1847 taeda

203 1867 376 1948 Cecropiam
395 1869 473 1929 soliti
494 1867 605 1946 Baptae
629 1868 741 1929 lassare
764 1867 893 1945 Cotytto.

199 1953 253 2015 llle
276 1953 461 2035 supercilium
483 1952 596 2028 madida
617 1951 738 2030 iuligine
762 1962 868 2014 tactum

200 2036 323 2116 Obliqua
347 2037 481 2116 producit
503 2055 557 2098 acu
576 2037 728 2115 pingitque
750 2045 908 2098 trementes
940 2060 942 2065 ’

201 2121 349 2182 Attollens
366 2121 484 2181 oculos:
505 2120 600 2180 vitreo
619 2119 690 2180 bibit
702 2121 758 2181 ille
781 2123 902 2199 priapo,

200 2204 423 2284 lleticulumque
444 2205 535 2264 comis
557 2212 685 2263 auratum
702 2205 867 2282 ingentibus
890 2204 989 2283 implet

201 2287 346 2349 Caerulea
367 2287 482 2348 indutus
503 2286 644 2347 scutulata
661 2297 709 2348 aut
731 2287 847 2366 galbina
869 2307 951 2364 rasa,

199 2370 237 2432 lit
260 2389 315 2451 per
333 2369 471 2431 lunonem
494 2370 599 2430 domini
621 2371 732 2432 iurante
751 2373 890 2432 ministro.
969 2392 972 2398 ·
1028 2419 1030 2423 .

199 2455 254 2516 llle
275 2464 354 2514 tenet
376 2452 545 2533 speculum,
569 2454 677 2532 pathici
698 2465 850 2533 gestamen
873 2455 1009 2531 Othonis,

202 2539 319 2599 Actoris
341 2537 469 2606 Aurunci
490 2538 636 2617 spolium,
656 2557 713 2619 quo
737 2558 770 2599 se
792 2540 843 2599 ille
860 2539 978 2602 videbat
1042 2575 1046 2584 ·

199 2621 362 2698 Armatum,
385 2640 470 2701 quum
491 2624 546 2684 iam
564 2623 628 2683 tclli
648 2623 758 2684 vexilla
770 2624 903 2684 iuberet.

198 2705 260 2766 Res
281 2707 466 2768 memoranda
488 2707 571 2767 novis
594 2707 743 2768 annalibus
764 2717 852 2786 atque
874 2715 985 2768 recenti

199 2789 341 2866 Historia,
365 2790 515 2870 speculum
538 2790 630 2850 civilis
653 2793 766 2852 sarcina
789 2791 876 2851 belli!

199 2873 336 2934 Nimirum
358 2876 458 2935 summi
476 2875 558 2935 ducis
582 2883 628 2934 est
648 2875 787 2934 occidere
810 2873 929 2936 Galbam

198 2957 235 3018 m
255 2976 357 3020 curare
380 2968 489 3023 cutem:
510 2959 610 3018 summi
633 2959 792 3018 constantia
817 2958 905 3032 civis,

199 3040 333 3102 Bebriaci
356 3059 458 3122 cumpo
481 3041 605 3119 spolium
627 3041 765 3102 allectare
788 3040 879 3100 Palati
1064 3107 1065 3110 Ἴ

199 3124 237 3185 Et
257 3127 441 3204 pressumin
462 3124 567 3184 faciem
591 3123 869 3200 digitisextendere
892 3137 1010 3200 panem:

115 3244 117 3248 ν
201 3207 287 3281 Quod
310 3226 367 3268 uec
386 3210 415 3268 in
429 3206 552 3282 Assyrio
575 3207 741 3286 pharetrata
763 3206 929 3267 Semiramis
952 3203 1035 3280 orbe,

198 3290 313 3352 blaesta
335 3309 391 3350 nec
412 3288 533 3350 Actiaca
557 3290 627 3351 iecit
650 3287 808 3368 Cleopatra
827 3287 935 3352 carina.

200 3371 253 3431 llic
275 3373 370 3432 nullus
391 3373 490 3434 uerbis
514 3374 608 3452 pudor
627 3383 675 3434 aut
694 3377 857 3437 reverentia
880 3391 1023 3446 mensac;¹
1129 3385 1178 3436 tto

199 3453 253 3514 llic
278 3458 369 3534 turpis
391 3454 518 3532 Cybeles
543 3465 571 3516 et
593 3457 685 3518 fracta
708 3473 782 3520 voce
805 3453 959 3540 loquendi
