2438 3994
214 263 254 325 78
546 272 582 320 n.
605 272 677 320 run.
700 272 887 320 ruvnnunrs

214 415 330 476 sumine
357 430 419 474 cum
441 428 545 489 magno
568 411 652 489 lepus
678 419 764 488 atque
788 429 860 489 aper
885 420 914 471 et
936 430 1089 491 pygargus

214 500 251 560 Et
277 498 432 572 Scythicae
457 495 596 555 volucres
622 503 652 554 et
677 494 925 573 phoenicopterus
952 497 1055 574 ingens

215 583 251 643 Et
274 580 410 642 Gaetulus
436 597 510 654 oryx
534 578 634 638 hebeti
653 578 809 638 lautissima
834 578 914 638 lerro
964 613 967 619 ·
1159 591 1198 644 tto

215 666 351 726 Caeditur
377 673 406 723 et
431 672 491 723 tota
516 671 600 722 sonat
620 663 714 722 ulmea
739 679 832 722 coena
855 662 979 722 Subura.

214 749 277 809 Nec
298 749 419 808 frustum
444 764 570 826 capreae
595 745 759 806 subducere
785 763 841 806 nec
866 746 940 806 latus
967 746 1059 807 lllrae

214 832 301 893 Novit
326 833 387 892 avis
410 840 525 907 noster,
554 829 713 889 tirunculus
740 847 776 888 ac
800 829 879 889 rudis
903 833 980 889 omni

214 916 360 994 Tempore
387 924 416 975 et
443 915 567 991 exiguae
592 914 675 973 lurtis
703 912 827 973 imbutus
857 913 976 974 oiellae.

215 1000 352 1061 Plebeios
377 998 486 1058 calices
511 1005 541 1057 et
564 999 666 1075 paucis
689 996 803 1057 assibus
825 1005 940 1076 emptos
1157 1012 1205 1065 145*

214 1084 347 1160 Porriget
375 1080 499 1142 incultus
524 1099 598 1159 puer
618 1090 706 1159 atque
729 1098 745 1140 a
767 1081 878 1158 frigore
903 1089 995 1148 tutus;
1057 1148 1060 1153 ,

214 1166 278 1227 Non
300 1165 396 1240 Phryx
424 1173 471 1224 aut
493 1162 609 1239 Lycius,
631 1159 700 1238 [non
713 1182 744 1223 a
769 1181 913 1242 mangone
938 1165 1047 1244 petitus

215 1251 371 1329 Quisquam
395 1249 464 1308 erit:
487 1249 515 1306 in
535 1247 647 1325 magno}
661 1265 746 1325 quum
769 1264 894 1326 posces,
918 1265 1010 1327 posce
1034 1248 1135 1309 latine.
1205 1258 1206 1342 l

213 1333 294 1394 ldem
319 1331 432 1392 habitus
460 1332 590 1408 cunctis,
616 1333 691 1391 tonsi
718 1333 850 1410 rectique
873 1331 971 1410 capilli
1099 1397 1104 1408 ,
1205 1347 1206 1364 ³

214 1418 310 1495 Atque
334 1416 421 1476 hodie
446 1423 553 1475 tantum
575 1424 697 1493 propter
717 1417 849 1476 convivia
872 1416 949 1493 pexi.
1157 1429 1201 1480 150

214 1501 343 1561 Pastoris
366 1500 429 1560 duri
449 1498 497 1560 lric
518 1507 564 1558 est
586 1499 678 1575 lilius,
704 1499 755 1559 ille
778 1498 905 1559 bubulci.

215 1586 347 1662 Suspirat
373 1583 462 1660 longo
489 1599 546 1642 non
565 1583 656 1642 visam
680 1592 813 1661 tempore
839 1590 970 1658 matrem,
1138 1649 1139 1654 ἵ

214 1668 252 1728 Et
277 1666 404 1727 casulam
425 1675 454 1725 et
478 1675 564 1725 notos
586 1667 677 1725 tristis
701 1667 850 1727 desiderat
871 1666 993 1742 haedos,

214 1751 334 1828 lngenui
357 1749 454 1809 vultus
477 1767 552 1827 puer
573 1750 748 1829 ingenuique
770 1750 900 1828 pudoris,

215 1834 324 1907 Quales
350 1851 417 1893 esse
439 1833 542 1908 decet,
567 1850 641 1911 quos
664 1833 769 1898 ardens
791 1851 917 1912 purpura
940 1835 1043 1903 vestit;
1154 1847 1199 1898 155

214 1915 278 1977 Nec
300 1916 462 1997 pupillares
484 1915 579 1976 defert
605 1918 633 1976 in
659 1917 764 1978 balnea
787 1935 893 1977 raucus

214 2000 395 2078 testiculos,
417 2019 473 2060 nec
495 1999 647 2061 vellendas
670 2003 725 2062 iarn
750 2000 882 2080 praebuit
903 2000 976 2076 alas,

215 2083 321 2146 Grassa
345 2104 401 2145 nec
427 2085 564 2164 opposito
593 2085 714 2163 pavidus
736 2087 808 2163 tegit
832 2085 948 2163 inguina
971 2094 1065 2162 gutto.

213 2168 268 2228 llic
294 2170 346 2229 tibi
369 2171 435 2230 vina
457 2168 535 2229 dabit
561 2169 664 2229 diffusa
689 2171 718 2228 in
740 2168 883 2230 montibus
906 2168 976 2245 illis,
1147 2172 1151 2180 '

214 2253 367 2330 siquibus
391 2254 455 2331 ipse
478 2253 573 2327 venit,
597 2270 719 2330 quorum
742 2252 795 2313 sub
818 2254 929 2313 vertice
956 2253 1039 2323 lusit;
1151 2266 1203 2320 160

206 2334 345 2414 ,Namque
367 2353 422 2395 una
443 2343 530 2413 atque
550 2335 652 2394 eadem
674 2344 720 2394 est
742 2337 800 2395 vini
818 2337 911 2414 patria
933 2345 1020 2415 atque
1045 2339 1177 2399 ministri.

213 2418 347 2479 Forsitan
370 2425 544 2494 exspectes,
571 2426 602 2476 ut
627 2415 765 2478 Gaditana
787 2436 895 2479 canoro

213 2501 354 2580 Incipiunt
377 2501 491 2579 prurire
521 2500 612 2562 clroro
635 2501 797 2581 plausuque
820 2503 963 2582 probatae

214 2585 260 2646 Ad
285 2595 391 2646 terram
411 2583 536 2644 tremulo
562 2585 740 2647 descendant
763 2587 848 2647 clune
872 2585 1011 2666 puellae?

214 2672 356 2749 Spectant
381 2669 438 2731 lroc
459 2677 566 2746 nuptae
588 2670 666 2730 iuxta
689 2670 848 2732 recubante
871 2673 985 2747 marito,
1151 2682 1200 2735 165

215 2753 300 2827 Quod
326 2753 433 2833 pudeat
455 2770 573 2813 narrare
599 2755 723 2833 aliquem
745 2755 946 2835 praesentibus
974 2757 1056 2834 ipsis,

213 2837 422 2899 Irritamentum
448 2836 572 2896 Veneris
594 2838 756 2917 languentis
780 2850 811 2898 et
832 2856 916 2901 acres

214 2922 319 2983 Divitis
343 2923 453 2981 urticae
475 2921 583 3000 (maior
603 2931 698 2983 tamen
723 2924 777 2983 ista
798 2922 934 3001 voluptas

215 3005 344 3066 Alterius
364 3022 467 3072 sexus:
495 3006 586 3082 magis
608 3006 659 3066 ille
685 3007 848 3068 extenditur
872 3015 902 3066 et
927 3023 995 3066 mox

214 3088 340 3149 Auribus
362 3097 448 3167 atque
475 3087 568 3147 oculis
590 3099 733 3168 concepta
756 3093 837 3152 urina
854 3092 1017 3168 movetur);
1153 3097 1202 3150 tto

215 3171 281 3233 Nou
304 3173 380 3250 capit
403 3172 456 3231 llas
481 3187 572 3248 nugas
594 3172 708 3234 humilis
730 3174 843 3234 domus.
880 3172 987 3234 Audiat
1008 3173 1059 3233 ille

215 3254 366 3316 'lectarum
392 3253 520 3330 crepitus
543 3273 607 3315 cum
632 3256 747 3333 verbis,
771 3256 875 3317 nudum
897 3256 974 3317 olido
998 3265 1076 3316 stans

214 3338 340 3398 Fornice
363 3335 534 3413 mancipium
556 3338 659 3417 quibus
682 3340 824 3417 abstinet,
846 3340 897 3402 ille
920 3340 1030 3400 fruatur

216 3503 272 3578 Qui
293 3502 550 3566 Lacedaemonium
574 3507 726 3585 pytismate
748 3506 872 3567 lubricat
898 3505 1012 3574 orbem:
1150 3512 1202 3567 175
