2428 4000
197 239 239 299 56
541 235 576 280 n.
599 231 670 279 rurs.
695 225 886 275 urvnuums

202 385 351 450 llandaret
372 380 507 458 laqueum
529 372 713 446 mediumque
738 363 915 424 ostenderet
936 376 1085 436 onmem.

202 471 281 549 llrgo
308 477 489 544 supervacua
515 465 563 516 aut
585 453 635 513 vel
660 450 829 530 perniciosa
851 453 1003 525 petuntur,

204 555 327 631 Propter
349 564 423 627 qnae
446 541 491 602 las
516 547 562 598 est
583 553 681 615 genua
703 536 838 592 incerare
863 529 1001 588 deorum.

247 633 394 709 Quosdam
415 624 588 706 praecipitat
610 619 743 679 subiecta
765 614 898 693 potentia
921 627 1055 686 magnae

204 720 349 785 Invidiae;
374 711 478 788 mergit
502 708 591 784 longa
614 711 702 780 atque
723 699 846 774 insignis
868 694 1018 756 honorum

206 805 322 881 Pagina.
356 791 544 857 Descendunt
565 797 678 847 statuae
703 791 873 858 restemque
899 784 1088 856 sequuntur,

206 889 290 967 Ipsae
314 879 420 943 deinde
441 884 521 935 rotas
543 873 675 948 bigarum
698 870 824 945 impacta
847 863 964 922 securis

208 968 310 1031 Caedit
332 974 361 1024 et
383 959 530 1021 immeritis
552 956 720 1031 franguntur
744 965 830 1009 crura
854 944 996 1006 caballis:

207 1052 265 1112 lam
291 1047 412 1106 strident
436 1043 535 1119 ignes,
560 1041 616 1098 iam
637 1034 756 1096 lollihus
779 1040 868 1108 atque
894 1028 1018 1088 caminis

209 1133 301 1193 Ardet
324 1130 471 1189 adoratum
496 1122 607 1201 populo
632 1128 718 1197 capnt
745 1124 776 1176 et
797 1120 902 1192 crepat
924 1112 1034 1188 iugens

210 1217 347 1279 Seianus:
375 1208 480 1270 deinde
507 1224 545 1266 ex
569 1204 646 1265 lacie
667 1210 729 1262 toto
752 1199 827 1258 orbe
850 1195 984 1256 secunda

209 1299 293 1361 Fiunt
315 1294 444 1369 urceoli,
465 1290 587 1371 pelves,
610 1295 744 1363 sartago,
769 1280 918 1342 matellae.

212 1384 291 1444 Pone
316 1379 395 1438 domi
417 1377 531 1448 laurus,
553 1373 609 1432 duc
631 1371 662 1428 iu
685 1367 831 1448 capitolia
851 1381 989 1438 maguum

214 1465 419 1539 Gretatumque
441 1459 562 1519 bovem:
584 1454 706 1514 Seianus
728 1452 841 1512 ducitur
863 1463 942 1506 unco

214 1546 411 1627 spectandus:
435 1540 561 1620 gaudent
582 1554 698 1597 omnes:
723 1534 806 1608 Quae
826 1529 926 1605 labra,
950 1528 1018 1607 quis
1041 1527 1093 1588 illi

215 1631 318 1690 Vultus
339 1626 417 1685 erat!
443 1639 609 1700 numquam,
635 1621 660 1678 si
683 1618 750 1697 quid
772 1615 841 1675 milri
864 1613 983 1688 credis,
1009 1613 1115 1672 amavi

216 1713 297 1772 Hunc
317 1708 475 1768 hominem!
502 1703 555 1763 sed
577 1720 635 1781 quo
659 1701 765 1762 cecidit
790 1698 844 1758 suh
868 1693 1014 1756 crimine?
1040 1697 1177 1774 quisnam

217 1787 357 1855 Delatorl
391 1789 493 1869 quibus
524 1787 661 1862 indiciis,
699 1801 757 1862 quo
781 1791 859 1842 teste
882 1775 1048 1859 probavit?
1072 1814 1122 1824 —

217 1876 265 1938 Nil
287 1875 404 1935 luorum:
427 1871 553 1933 verbosa
576 1879 606 1930 et
624 1870 742 1945 grandis
768 1863 896 1945 epistola
919 1863 1003 1922 venit

219 1962 245 2020 A
263 1958 395 2038 Capreis.
410 1991 451 2003 -
466 1955 546 2016 Bene
562 1953 664 2020 hahct;
687 1951 728 2010 nil
745 1951 811 2028 plus
822 1949 988 2024 interrogo.
1004 1981 1050 1994 —
1075 1947 1142 2007 Sed
1157 1962 1187 2019 qr

220 2042 316 2105 'lurba
337 2038 441 2101 Remi?
479 2040 616 2118 Sequitur
638 2036 781 2096 inmunem
802 2041 833 2091 ut
855 2048 977 2110 semper
1001 2039 1034 2090 et
1058 2031 1127 2092 odit

222 2127 394 2192 llamnatos;
418 2124 493 2184 idem
515 2121 659 2202 populus,
686 2120 711 2178 si
732 2116 832 2176 Nortia
853 2113 952 2174 l'usco

222 2207 372 2281 Fecisset,
395 2208 420 2264 si
446 2221 590 2284 oppressa
609 2203 687 2262 foret
708 2216 813 2262 secura
837 2206 978 2258 senectus

224 2288 380 2365 Principis,
407 2287 462 2346 lrac
482 2289 545 2364 ipsa
568 2286 703 2345 Seianum
724 2285 838 2346 diceret
862 2280 935 2342 hora

225 2369 395 2444 Augustum.
434 2367 493 2426 lam
513 2367 642 2446 pridem,
665 2384 703 2425 eu
728 2383 785 2446 quo
810 2366 949 2442 suffragia
972 2364 1049 2432 pulli
1109 2381 1116 2392 ·

229 2449 399 2527 vendimus,
421 2450 519 2510 elludit
542 2467 642 2517 curas3
664 2467 728 2508 nam
754 2452 802 2528 qui
823 2449 908 2510 dabat
934 2447 1006 2507 olim

227 2533 396 2612 Imperium,
422 2534 536 2610 fasces,
561 2533 713 2611 legiones,
739 2535 849 2606 omnia,
873 2549 949 2590 nunc
972 2549 1007 2590 se

228 2615 363 2678 Continet
387 2627 474 2697 atque
499 2618 569 2679 duas
592 2625 698 2676 tantum
719 2635 769 2675 res
790 2617 891 2676 anxius
917 2622 1012 2692 optat,

229 2699 333 2760 Panem
357 2709 387 2760 et
409 2703 567 2761 circenses.
590 2733 632 2747 -
653 2700 801 2761 Perituros
825 2697 910 2758 audio
933 2697 1057 2757 multos.

229 2780 276 2841 Nil
300 2781 430 2859 dubium,
456 2802 560 2861 magna
580 2792 626 2842 est
648 2783 811 2850 fornacula3
834 2781 993 2860 pallidulus
1019 2782 1060 2840 mi

230 2862 372 2922 Brutidius
395 2883 475 2924 meus
498 2867 533 2926 ad
554 2863 653 2923 dlartis
676 2868 728 2927 fuit
753 2865 855 2925 obvius
878 2881 966 2923 aram.

231 2941 323 3012 Quam
347 2945 451 3019 timeo,
473 2949 566 3004 victus
593 2964 629 3004 ne
652 2965 762 3024 poenas
787 2941 886 3024 exigat
908 2945 984 3005 Aiax

231 3019 268 3078 Ut
289 3023 364 3080 male
385 3023 536 3084 defensus!
563 3043 710 3086 curramus
735 3032 911 3108 praecipites
935 3037 975 3102 et,

232 3099 306 3158 llum
329 3102 406 3160 iacet
428 3104 457 3161 ln
478 3105 557 3179 ripa,
582 3105 728 3165 calcemus
753 3108 887 3171 Caesaris
910 3111 1038 3172 hostem.

233 3181 293 3240 Sed
313 3181 432 3242 videant
453 3184 546 3256 servi,
566 3201 602 3240 ue
625 3188 689 3260 quis
712 3199 799 3264 neget
815 3202 844 3250 et
865 3195 1002 3270 pavidum
1024 3197 1056 3254 in
1080 3199 1128 3258 ius

235 3259 359 3322 Gervice
384 3264 524 3323 obstricta
546 3262 687 3322 domiuum
709 3270 810 3330 trahat.
837 3307 880 3322 —-·
901 3275 936 3335 lli
959 3295 1120 3340 sermones

236 3344 315 3404 Tunc
338 3343 374 3404 de
395 3345 518 3418 Seiano,
542 3350 656 3402 secreta
681 3346 756 3408 haec
782 3371 922 3414 murmura
947 3359 1040 3437 vulgi.

236 3427 326 3486 Visne
348 3427 466 3485 salutari
489 3425 563 3483 sicut
578 3422 729 3483 Seianus?
754 3429 861 3490 habere
