2438 3994
207 289 248 350 76
554 295 589 343 lt.
610 295 682 342 IUN.
702 293 888 341 IUVENALIS

207 439 341 516 Hospes,
366 446 396 496 et
417 437 481 515 ipse
503 443 598 493 tamen
620 434 790 510 contingens
813 435 950 510 sanguine
975 434 1108 494 coelum:

207 521 293 582 Alter
315 521 413 599 aquis,
439 518 513 578 alter
535 517 654 577 dammis
678 517 713 577 ud
736 517 832 576 sidera
855 517 968 576 missus.

207 604 332 665 Feronia
355 621 431 662 nunc
456 601 521 661 audi
544 600 630 661 nullis
655 609 754 662 ornata
775 599 918 660 macellis.

207 689 253 748 De
277 687 426 748 Tiburtino
449 686 548 744 veniet
570 685 772 763 pinguissimus
797 700 869 760 agro

208 771 354 832 llaedulus
377 779 407 830 et
429 778 490 829 toto
515 786 609 846 grege
632 768 764 844 mollior,
788 767 896 826 inscius
918 767 1039 844 herbae,

207 854 338 916 Necdum
358 871 445 914 ausus
466 853 564 928 virgus
586 852 699 912 bumilis
722 850 858 910 mordere
878 849 985 926 salicti,

208 938 265 1013 Qui
287 938 351 1017 plus
375 937 459 997 lactis
484 935 573 995 habet
595 953 679 1014 quum
704 935 865 1012 sanguinis,
892 942 921 993 et
941 937 1067 995 montani

208 1021 369 1099 Asparagi,
394 1021 490 1098 posito
515 1035 589 1096 quos
616 1018 688 1096 legit
721 1019 807 1079 vilica
833 1019 913 1086 luso;

209 1105 333 1166 Grandia
360 1111 514 1182 praeterea
539 1111 675 1180 tortoque
700 1101 823 1161 calentia
846 1101 934 1161 loeno
1162 1110 1205 1164 to

208 1186 270 1247 0ra
294 1187 397 1247 adsunt
421 1186 492 1264 ipsis
516 1202 578 1245 curu
603 1185 756 1260 matribus,
784 1194 812 1244 et
835 1193 968 1245 servatae

208 1272 294 1332 Parte
322 1272 402 1345 unni,
427 1269 529 1349 quales
554 1269 667 1328 luerunt
691 1271 719 1328 in
742 1268 868 1343 vitibus,
890 1287 974 1343 urae,

208 1355 356 1432 Signinum
382 1354 553 1431 Syriumque
574 1355 683 1432 pirum,
707 1354 743 1413 de
767 1351 905 1412 corbibus
928 1351 1019 1411 isdem

209 1437 332 1499 Aemula
357 1437 470 1498 Picenis
497 1445 527 1496 et
549 1437 648 1497 odoris
672 1437 752 1503 mala,
769 1436 907 1511 recentis,

209 1521 279 1594 Neo
292 1521 444 1581 metuenda
465 1519 533 1595 tibi,
558 1522 696 1580 siccatum
718 1520 828 1598 frigore
852 1527 1005 1598 postquam

209 1604 380 1666 Autumnum
407 1613 436 1664 et
457 1604 539 1664 crudi
561 1621 688 1681 posuere
714 1603 845 1682 pericula
868 1604 958 1662 succi.

209 1689 290 1749 llaec
315 1689 382 1748 olim
404 1688 496 1746 nostri
518 1689 572 1746 iam
594 1687 742 1747 luxuriosa
766 1696 883 1746 senatus

210 1769 310 1831 Coena
335 1772 401 1830 luit:
425 1768 545 1845 Curius,
571 1787 661 1848 parvo
687 1785 761 1849 quae
783 1769 898 1847 legerat
922 1769 1019 1844 borto,

209 1854 278 1933 lpse
303 1855 378 1914 locis
400 1853 538 1913 brevibus
562 1853 690 1933 ponebat
712 1853 859 1930 oluscula,
885 1871 959 1932 quae
979 1869 1077 1914 nunc‘

210 1938 363 2016 Squalidus
388 1939 417 1997 in
442 1955 544 2014 magna
565 1937 673 1998 fastidit
695 1937 836 2016 compede
860 1937 968 2011 lossor,

210 2019 266 2095 Qui
290 2023 434 2098 meminit,
460 2021 571 2082 calidae
593 2023 686 2100 sapiat
708 2023 775 2100 quid
797 2020 882 2080 vulva
903 2021 1041 2098 popinae.

208 2105 287 2165 Sicci
314 2115 398 2184 terga
423 2107 499 2181 suis,
525 2123 590 2165 rara
612 2106 768 2184 pendentia
794 2114 883 2180 crate,

208 2187 298 2249 bloris
325 2198 388 2250 erat
412 2189 555 2267 quondam
583 2189 669 2248 iestis
689 2207 809 2248 servare
832 2188 935 2248 diebus

208 2271 246 2333 Et
272 2272 437 2333 natalicium
459 2273 590 2348 cognatis
613 2289 724 2350 ponere
749 2272 868 2347 lardum,

210 2354 382 2415 Accedente
407 2372 498 2430 nova,
522 2355 546 2413 si
569 2373 653 2433 quam
676 2354 763 2414 dabat
787 2354 895 2430 hostia,
924 2371 1020 2412 carne.

210 2435 406 2514 Cognatorum
432 2436 536 2514 aliquis
559 2437 642 2497 titulo
667 2446 713 2496 ter
738 2437 865 2497 consulis
889 2445 975 2515 atquc

210 2519 377 2581 Castrorum
403 2521 532 2598 imperiis
556 2529 586 2581 ct
606 2522 755 2583 dictatoris
781 2520 892 2581 honore

208 2604 336 2665 Functus
360 2604 396 2664 ad
419 2604 471 2664 bas
498 2603 599 2683 epulas
620 2605 706 2666 solito
729 2606 864 2665 maturius
887 2603 957 2680 ibat,

209 2687 346 2749 Erectum
365 2688 472 2748 domito
497 2689 631 2752 relerens
653 2707 670 2748 a
691 2699 788 2748 monte
806 2689 944 2766 ligonem.

210 2772 303 2845 Quum
324 2781 482 2832 tremerent
502 2782 596 2833 autem
617 2771 725 2834 Fabios
748 2773 906 2852 durumque
929 2769 1070 2830 Catonem

87 2858 89 2862 ’
209 2854 247 2915 Et
267 2856 395 2916 Scauros
419 2865 449 2915 et
468 2854 637 2934 Fabricios,
657 2865 805 2936 postremo
828 2872 951 2916 severos

211 2937 350 2999 censoris
369 2957 467 3000 mores
489 2941 575 3000 etiam
593 2940 710 3018 collega
731 2942 856 3016 timeret,

210 3022 302 3083 Nemo
323 3024 398 3083 inter
419 3041 502 3084 curos
526 3033 555 3083 et
576 3026 653 3084 seria
675 3023 755 3084 duxit
772 3023 946 3099 babendum,

211 3105 313 3180 Qualis
334 3107 361 3166 in
383 3105 503 3167 Oceano
523 3106 610 3166 lluctu
630 3107 745 3167 tostudo
765 3117 887 3184 nataret,

213 3188 329 3250 Glarum
354 3189 528 3266 'l'roiugenis
547 3190 658 3250 iactura
685 3199 714 3249 et
737 3190 836 3250 nobile
863 3190 1001 3262 inlcrum3

212 3275 271 3335 Sed
293 3275 369 3334 nudo
391 3274 484 3333 latere
507 3283 536 3333 et
557 3274 655 3352 parvis
678 3273 759 3332 irons
779 3292 865 3334 aereo
887 3274 974 3334 lectis

211 3357 279 3416 llile
302 3359 430 3416 coronati
453 3366 540 3436 caput
558 3356 732 3418 ostendebat
752 3357 847 3433 aselli,

212 3440 258 3499 Ad
284 3441 361 3518 quod
382 3440 483 3501 lascivi
505 3440 643 3502 ludebant
667 3441 741 3501 ruris
764 3441 877 3502 alumni.

212 3521 302 3582 'loles
327 3540 399 3601 ergo
426 3523 498 3603 cibi,
522 3524 615 3603 qualis
638 3524 738 3585 domus
761 3534 847 3604 atque
869 3524 1013 3603 supellex.
