2438 3994
217 225 256 287 58
560 238 595 284 o.
618 237 690 286 nun.
713 235 899 286 ruvsnnrns

217 376 308 453 Finge
331 383 425 436 tamen
448 375 562 452 gladios
584 376 651 436 inde
672 384 758 454 atque
781 376 848 436 hinc
872 375 983 454 pulpita
1005 378 1089 454 poni:
1149 387 1190 440 195

218 458 292 532 Quid
314 455 424 530 satius?
447 467 569 518 mortem
589 461 633 518 sic
655 460 804 537 quisquam
827 458 992 533 exhorruit,
1016 468 1046 519 ot
1069 461 1105 520 sit

217 542 378 620 Zelotypus
402 541 575 618 Thymeles,
597 542 703 619 stupidi
726 542 843 619 collega
864 538 1013 601 Corinthi?

217 625 276 686 lies
298 625 373 686 haud
393 626 463 685 mira
484 634 593 701 tamen,
617 624 786 685 citharoedo
809 625 956 704 principe,
980 627 1079 684 mimus

217 708 339 770 Nobilis.
370 707 451 768 llaec
473 708 547 768 ultra
570 709 638 787 quid
665 708 719 767 erit
743 710 796 767 nisi
821 705 927 768 ludusi
949 716 978 768 et
1000 709 1062 768 illic·

216 792 353 853 Dedecus
374 792 453 852 urbis
475 791 584 867 habes,
605 810 660 851 nec
683 791 861 850 mirmillonis
882 793 910 850 in
932 793 1029 867 armis,
1149 803 1194 855 aot

216 875 279 936 Nec
302 875 399 954 clipeo
423 873 581 934 Gracchum
605 882 779 952 pugnantem
801 883 848 934 aut
869 874 946 934 ialce
969 877 1086 956 supina

216 959 338 1020 Damnat
362 959 436 1017 enim
459 957 532 1017 tales
553 957 677 1029 habitus,
697 957 738 1034 [et
762 957 874 1017 damnat
897 966 926 1017 et
947 959 1017 1033 odit,

216 1040 279 1101 Nec
300 1040 386 1118 galea
409 1041 514 1100 faciem
536 1036 720 1116 abscondit:]
744 1046 841 1097 movet
864 1055 936 1097 ecce
957 1040 1110 1100 tridentem
1135 1051 1172 1115 et,

216 1124 370 1203 Postquam
392 1121 502 1182 vibrata
525 1120 678 1201 pendentia
697 1122 770 1181 retia
795 1122 896 1182 dextra

216 1205 395 1284 Nequiquam
419 1204 535 1280 eliudit,
564 1206 669 1266 nudum
691 1205 726 1265 ad
751 1206 919 1283 spectacula
941 1206 1049 1266 vultum
1150 1221 1194 1272 205

137 1302 140 1308 ’
216 1289 310 1366 Erigit
331 1298 360 1349 et
380 1297 440 1349 tota
465 1287 538 1366 iugit
561 1288 763 1366 agnoscendus
786 1306 882 1348 arena.

217 1370 375 1433 Gredamns
397 1373 528 1448 tunicae,
552 1372 588 1432 de
611 1371 743 1432 lancibus
766 1390 853 1432 aurea
879 1389 964 1449 quum
987 1390 1019 1432 se

216 1456 349 1534 Porrigat
370 1465 399 1516 et
419 1457 508 1534 longo
531 1457 654 1516 iactetur
675 1456 753 1535 spira
773 1452 896 1532 galero?

216 1539 297 1617 Ergo
319 1541 501 1617 ignominiam
524 1542 688 1617 graviorem
711 1538 829 1617 pertulit
852 1539 927 1597 omni

215 1622 345 1683 Vulnere
369 1641 432 1683 cum
455 1622 587 1684 Graccho
612 1625 707 1682 iussus
730 1639 860 1700 pugnare
884 1631 1009 1681 secutor.
1150 1633 1193 1685 tto

258 1705 361 1766 Libera
381 1709 405 1764 si
429 1705 532 1766 dentur
552 1705 663 1784 populo
686 1705 840 1782 suffragia,
867 1707 930 1782 quis
952 1714 1009 1764 tam

218 1781 365 1866 Pantilius,
389 1797 420 1848 ut
442 1788 552 1849 dubitet
576 1791 718 1849 Senecam
741 1788 892 1866 praeferre
914 1786 1034 1866 Neroni,

219 1869 305 1932 Guius
325 1872 470 1950 supplicio
494 1889 552 1931 non
573 1872 671 1933 debuit
696 1889 751 1932 uua
776 1873 872 1949 parari

218 1957 304 2016 Simia
327 1973 382 2015 nec
406 1973 529 2033 serpens
551 1974 622 2016 unus
644 1974 699 2016 nec
724 1955 836 2015 culleus
858 1951 952 2014 unusl

219 2037 271 2102 l'ar
292 2038 556 2116 Agamemnonidae
580 2042 703 2117 crimen,
726 2039 779 2099 sed
803 2056 890 2099 causa
911 2038 980 2098 iacit
1002 2057 1064 2098 rem
1150 2049 1204 2102 tlt¹

218 2120 408 2182 Dissimilem:
432 2125 540 2202 quippe
563 2124 613 2184 ille
636 2125 698 2184 deis
718 2122 885 2183 auctoribus
906 2122 984 2182 ultor

216 2205 308 2266 Patris
330 2216 393 2266 erat
416 2208 496 2266 caesi
517 2207 609 2267 media
634 2209 708 2267 inter
728 2205 848 2284 pocula3
873 2205 926 2265 sed
949 2223 1004 2266 nec

217 2288 354 2349 Electrae
381 2289 480 2366 iugulo
505 2308 538 2349 se
560 2290 664 2368 polluit
690 2299 737 2349 aut
760 2289 892 2367 Spartani

217 2373 364 2448 Sanguine
386 2372 528 2449 coniugii,
553 2372 638 2431 nullis
661 2373 774 2432 aconita
799 2371 969 2450 propinquis

216 2453 349 2531 bliscuit,
373 2455 401 2513 in
430 2472 518 2516 scena
539 2473 691 2533 numquam
714 2457 838 2515 cantavit
862 2453 994 2530 Orestes,
1148 2463 1190 2516 att

215 2536 322 2598 Troica
344 2554 401 2597 non
424 2540 550 2618 scripsit.
587 2537 661 2611 Quid
685 2540 760 2599 enim
778 2538 934 2616 Verginius
956 2539 1041 2598 armis

215 2620 324 2682 Debuit
347 2621 450 2683 ulcisci
472 2625 579 2701 magis,
602 2633 650 2683 aut
674 2641 738 2683 cum
759 2623 881 2683 Vindice
905 2620 1006 2698 Galba,
1064 2647 1066 2652 ’

217 2703 303 2777 Quod
328 2704 407 2766 Nero
428 2715 484 2766 tam
512 2724 600 2768 saera
626 2707 773 2786 crudaque
799 2705 948 2783 tyrannide
972 2703 1063 2765 iecit?
1201 2775 1202 2790 ,

215 2787 296 2848 llaec
319 2807 410 2867 opera
433 2799 519 2869 atque
542 2792 597 2852 hae
619 2801 684 2851 sunt
706 2792 843 2868 generosi
867 2789 1005 2869 principis
1025 2799 1115 2866 artes,

217 2871 373 2933 Gaudentio
399 2873 488 2934 ioedo
512 2876 668 2954 peregrina
691 2875 726 2935 ad
749 2874 860 2954 pulpita
885 2882 969 2933 cantu
1146 2880 1187 2932 att

215 2955 350 3017 Prostitui
373 2955 534 3037 Graiaeque
557 2961 651 3037 apium
672 2959 812 3017 meruisse
837 2974 973 3018 coronae.

215 3036 355 3099 blaiorum
379 3041 494 3118 efligies
517 3041 642 3102 habeant
665 3042 787 3119 insignia
809 3043 908 3101 vocis:

216 3120 292 3181 Ante
316 3122 408 3202 pedes
436 3123 542 3183 Domiti
569 3125 685 3201 longum
707 3132 736 3183 tu
759 3140 835 3202 pone
859 3123 1004 3200 Thyestae

216 3206 317 3280 Syrma
340 3206 390 3266 rel
414 3204 576 3284 Antigones
600 3201 648 3267 aut
669 3223 824 3284 personam
848 3206 1040 3286 lienalippes,

215 3286 253 3348 Et
275 3288 313 3349 da
337 3305 500 3350 marmoreo
527 3290 663 3350 citharam
686 3291 833 3368 suspende
855 3291 985 3351 colosso.

216 3368 309 3446 Quid,
334 3369 473 3449 Catilina,
493 3373 549 3432 tuis
573 3372 714 3434 natalibus
736 3383 822 3452 atque
843 3372 966 3454 Gethegi

215 3451 344 3514 inveniet
367 3456 516 3534 quisquam
538 3453 708 3518 sublimius?
731 3475 809 3517 arma
831 3466 925 3518 tamen
945 3474 1000 3517 ros
