2438 3994
207 213 249 276 56
551 226 587 273 n.
609 224 681 272 run.
703 187 890 273 ruvnnnnss

208 355 321 440 Quaslta
343 372 437 424 autem
461 364 526 425 inde
552 365 634 425 feres
654 371 711 424 tam
733 364 813 424 dirae
836 365 963 441 praemia
985 365 1102 446 culpae,

208 447 300 523 Quum
320 456 424 507 tenues
438 444 540 526 'nuper
561 446 667 508 blarius
691 447 860 508 discinxerit
878 445 988 508 diros?
1142 461 1184 513 ltu

208 530 370 594 Curandum
393 532 559 610 inprimis,
583 549 620 589 ne
644 547 748 608 magna
771 530 873 590 iniuria
895 530 945 590 ilat

206 614 342 676 Fortibus
362 623 391 674 et
407 616 530 676 miseris.
561 613 662 675 'l'ollas
682 613 752 674 licet
770 631 854 675 omne
875 614 953 692 quod
971 633 1091 694 usquam
1118 623 1162 674 est

207 699 278 759 Auri
301 708 388 777 atque
415 699 546 776 argenti,
573 706 684 758 scutum
705 698 891 777 gladiumque
912 699 1062 778 relinques

205 782 244 843 Et
265 781 389 843 iaculum
414 790 444 841 et
465 782 594 859 galeam:
621 780 753 858 spoliatis
776 799 854 841 arma
879 792 1042 859 supersunt.

207 864 293 940 Quod
319 864 405 924 modo
428 865 586 942 proposui,
609 873 733 923 nonest
756 864 912 932 sementim
936 881 1035 924 verum
1059 875 1118 934 est;
1143 875 1187 926 itt

207 947 326 1009 Credite
347 965 393 1006 me
419 946 504 1007 vobis
526 946 627 1008 folium
648 947 774 1006 recitare
797 945 938 1020 Sibyllae.

203 1033 238 1093 Si
261 1029 314 1090 tibi
337 1038 436 1089 saneta
459 1030 567 1090 oobors
594 1030 744 1104 comitum,
768 1032 898 1089 sinemo
922 1029 1046 1092 tribunal

204 1113 311 1175 Vendit
339 1128 560 1187 acersecomm,
588 1112 613 1170 si
637 1111 743 1172 nullum
767 1114 795 1171 in
818 1113 942 1189 coniuge
968 1115 1087 1189 crimen,

203 1197 269 1261 Nec
292 1213 347 1273 per
368 1205 528 1256 conventus
551 1204 579 1254 et
603 1203 705 1254 cuncta
727 1211 781 1273 per
803 1195 909 1273 oppida
933 1198 1028 1256 curvis
1071 1191 1078 1206 '

204 1278 355 1358 Unguibus
377 1280 420 1338 ire
445 1287 527 1356 parat
548 1295 677 1338 nummos
698 1287 815 1356 raptura
838 1275 984 1338 Celaeno:
1141 1289 1188 1342 130

204 1363 247 1424 l'u
270 1362 340 1423 licet
362 1381 380 1423 a
405 1362 475 1422 Pico
501 1379 637 1422 numeres
658 1380 767 1439 genus,
796 1361 912 1439 altaque
936 1363 960 1420 si
981 1370 1011 1420 te

204 1447 327 1508 Nomina
353 1445 516 1522 delectant,
540 1462 654 1506 omnem
677 1443 807 1505 Titanida
831 1462 955 1522 pugnam

205 1529 283 1593 luter
310 1530 437 1592 maiores
463 1530 616 1608 ipsumque
638 1529 811 1590 Promethea
835 1545 941 1606 ponas:

204 1615 250 1675 lle
274 1630 457 1693 quocumque
479 1613 565 1672 voles
588 1629 727 1691 proavum
751 1612 802 1671 tibi
826 1613 927 1671 sumito
952 1611 1037 1671 libro.

206 1697 292 1770 Quod
315 1697 339 1755 si
363 1696 553 1774 praeeipitem
579 1697 654 1773 rapit
679 1694 795 1754 ambitio
824 1703 911 1774 atque
934 1694 1036 1771 libido,

207 1780 237 1840 si
259 1778 370 1855 irangis
393 1779 491 1854 virgas
513 1780 659 1838 sociorum
681 1779 709 1836 iu
731 1777 888 1855 sauguine,
911 1779 935 1836 si
958 1787 988 1837 to

208 1862 363 1926 Delectant
384 1860 508 1922 hebetes
531 1861 610 1922 lasso
635 1861 739 1922 lictore
764 1878 903 1920 secures:

205 1946 310 2024 Incipit
332 1946 461 2024 ipsorum
480 1953 579 2007 contra
605 1953 634 2006 te
657 1954 734 2006 stare
758 1953 907 2023 parentum

206 2029 350 2090 Nobilitas
374 2028 539 2107 claramque
562 2028 657 2089 iucem
678 2029 829 2108 praeferre
855 2028 1006 2106 pudendis.

207 2112 298 2173 Omne
320 2113 404 2174 animi
428 2113 528 2172 vitium
551 2121 629 2174 tanto
652 2113 839 2191 conspectius
860 2114 888 2170 in
910 2130 943 2170 se

208 2194 325 2256 Crimen
347 2195 453 2271 babet,
475 2205 581 2275 quanto
605 2197 696 2256 maior
718 2197 766 2274 qui
789 2203 894 2272 peccat
919 2194 1051 2254 babetur.

206 2278 271 2352 Quo
295 2279 362 2338 mibi
382 2287 411 2338 ts
433 2279 548 2339 solitum
570 2279 660 2339 ialsas
684 2279 800 2355 signare
821 2277 945 2338 tabellas

205 2360 238 2421 ln
265 2360 396 2439 templis,
426 2380 500 2439 quae
526 2361 596 2422 iecit
617 2380 704 2436 avus,
732 2368 911 2439 statuamque
933 2362 1062 2439 parentis

205 2444 282 2504 Ante
308 2442 528 2521 triumphalem?
552 2461 627 2522 quo,
649 2445 674 2504 si
699 2451 855 2506 nocturnus
877 2443 989 2504 adulter

205 2526 351 2606 l'empora
373 2527 529 2587 Santonico
555 2527 640 2587 velas
664 2528 805 2605 adoperto
827 2525 964 2588 cucullo?

247 2611 367 2671 Praeter
390 2611 529 2670 maiorum
555 2612 668 2671 cineres
692 2619 778 2688 atque
802 2627 869 2671 ossa
893 2610 1005 2670 volucri

205 2692 351 2773 carpento
378 2695 486 2772 rapitur
510 2695 623 2773 pinguis
645 2693 820 2771 Lateranus,
848 2696 983 2773 etipse,
1042 2749 1045 2755 .

204 2777 272 2857 lpse
298 2786 390 2838 rotam
415 2779 546 2856 astringit
570 2777 659 2838 multo
683 2775 843 2839 sufflamine
869 2778 981 2854 consul,

204 2861 299 2922 Nocte
327 2862 458 2941 quidem3
485 2862 538 2922 sed
560 2862 626 2922 luna
647 2862 744 2938 videt,
768 2863 821 2922 sed
844 2863 939 2923 sidera
960 2870 1053 2922 testes

204 2945 357 3007 intendunt
379 2946 491 3006 oculos.
527 2944 648 3005 Finitum
671 2954 785 3024 tempus
808 2946 927 3007 bonoria

205 3028 298 3101 Quum
320 3030 423 3105 luerit,
450 3029 529 3090 clara
553 3028 710 3090 Lateranus
738 3030 804 3090 luce
829 3029 975 3107 flagellum

205 3112 305 3172 Sumet
326 3121 356 3172 et
377 3129 530 3172 occursum
551 3130 702 3192 numquam
722 3113 878 3192 trepidabit
900 3114 982 3173 amici

204 3195 264 3255 lam
287 3195 381 3272 senis,
406 3213 443 3255 ac
466 3197 547 3274 virga
568 3198 649 3274 prior
671 3207 776 3258 annuet
800 3207 886 3277 atque
908 3197 1051 3276 maniplos

206 3278 310 3339 Solvet
331 3288 361 3338 et
384 3278 513 3340 infundet
536 3281 667 3340 iumentis
690 3280 801 3342 hordea
823 3281 917 3340 lassis.

205 3361 337 3436 interea,
364 3363 429 3422 dum
452 3363 562 3424 lunatas
585 3363 745 3444 robumque
769 3365 920 3424 iuvencum

206 3442 290 3503 blora
312 3442 422 3506 Numae
445 3446 540 3508 caedit
561 3446 639 3508 lovis
663 3457 728 3509 ante
752 3447 869 3516 altaria,
895 3448 969 3508 iurat
