2438 3994
225 296 265 358 52
549 309 585 355 n.
607 308 678 356 1uu.
701 306 887 354 uuuuuunus
970 282 974 292 “

267 447 339 523 Quis
361 449 472 525 gremio
492 444 593 507 Celadi
615 445 751 524 doctique
774 445 957 507 Palaemonis
979 443 1072 521 aiiert,
1160 455 1204 508 215

226 533 367 606 Quantum
388 531 589 608 grammaticus
611 531 714 591 meruit
730 527 837 591 labori
856 537 885 589 et
904 537 1000 589 tamen
1020 545 1059 587 ex
1080 528 1140 589 hoc

226 615 435 694 Quodcumque
457 623 503 674 est
525 614 633 692 (minus
655 622 701 673 est
720 622 814 674 autem
837 630 921 690 quam
942 611 1066 672 rhetoris
1090 614 1176 690 aera)

224 699 367 778 Discipuli
390 707 488 759 custos
508 697 695 780 praemordet
715 705 948 764 acoenonoetus:

224 783 263 844 Et
284 786 332 864 qui
350 783 514 861 dispensat,
535 773 650 859 frangat
673 781 737 841 sibi.
779 779 876 856 Gede,
899 765 1070 855 Palaemon,

225 865 262 927 Et
282 876 383 946 patere
404 866 470 925 iude
491 865 598 943 aliquid
622 865 816 940 decrescere,
840 880 898 922 non
915 861 1000 922 aliter
1022 878 1109 941 quam
1167 872 1209 925 itt

224 949 341 1010 institor
360 948 498 1008 hibernae
520 950 628 1025 tegetis
650 949 785 1025 niveique
808 946 940 1014 cadurci;

224 1032 385 1093 Dummodo
407 1048 466 1090 non
484 1039 604 1108 pereat,
627 1031 741 1089 mediae
762 1029 840 1108 quod
861 1029 955 1087 noctis
978 1027 1013 1087 ab
1037 1027 1111 1088 hora

225 1115 348 1190 Sedisti,
369 1131 425 1193 qna
448 1129 532 1172 nemo
555 1112 654 1187 faber,
678 1130 734 1190 qua
757 1129 841 1171 nemo
860 1110 996 1185 sederet,

225 1198 281 1271 Qui
302 1196 391 1257 dccet
411 1194 531 1273 obliquo
553 1194 646 1255 lanam
668 1193 815 1256 deducere
835 1194 932 1261 ierro;

223 1278 385 1340 Dummodo
407 1296 465 1338 non
488 1287 607 1357 pereat,
627 1279 747 1338 totidem
766 1279 906 1339 olfecisse
929 1276 1081 1352 lucernas,

226 1364 304 1438 Quot
323 1363 438 1424 stabam
458 1363 554 1441 pueri,
574 1380 660 1440 quum
680 1371 758 1422 totus
779 1361 903 1422 decolor
925 1369 1006 1420 esset

224 1447 347 1508 Flaccus
367 1456 397 1507 et
416 1447 553 1508 haereret
575 1448 658 1524 nigro
676 1445 767 1523 iuligo
789 1444 909 1506 biaroni.

225 1532 301 1592 Rara
323 1540 419 1591 tamen
439 1548 570 1606 merces,
594 1547 669 1608 quae
692 1530 859 1607 cognitione
881 1526 987 1589 tribuni

224 1614 290 1675 Non
313 1622 409 1692 egeat.
453 1614 513 1674 Sed
533 1631 588 1673 uos
610 1631 713 1674 saevas
735 1615 874 1692 imponite
895 1613 992 1689 leges,

225 1698 263 1758 Ut
284 1699 472 1776 praeceptori
493 1697 649 1757 uerborum
669 1696 773 1774 regula
793 1705 916 1771 constet,

228 1779 264 1840 Ut
285 1781 365 1858 legat
385 1780 537 1856 historias,
559 1789 695 1840 auctores
719 1781 833 1840 nouerit
855 1795 954 1839 omnes

227 1863 382 1963 Tamquam
403 1883 516 1942 ungues
539 1863 706 1942 digitosque
727 1880 811 1931 suos;
835 1871 865 1922 ut
882 1861 959 1920 forte
981 1869 1116 1937 rogatus,

226 1948 300 2008 Duru
321 1949 395 2026 petit
415 1957 464 2008 aut
481 1948 609 2008 thermas
631 1955 678 2007 aut
701 1946 813 2007 Phoebi
834 1944 954 2019 balnea,
976 1942 1054 2003 dicat

226 2032 374 2092 Nutricem
395 2031 560 2108 Anchisae,
582 2048 686 2090 nomen
708 2032 886 2108 patriamque
908 2043 1055 2087 nouercae

227 2115 414 2184 Anchemoii;
437 2116 530 2191 dicat,
554 2123 623 2194 quot
644 2115 770 2174 Acestes
791 2113 895 2174 vixerit
916 2112 1007 2186 anuis,
1168 2124 1199 2177 23

228 2199 307 2272 Quot
328 2199 419 2259 Siculi
442 2199 604 2276 Phrygibus
626 2199 685 2257 vini
708 2197 860 2256 donaverit
881 2213 976 2254 umas.

227 2281 359 2361 Exigite,
383 2290 414 2341 ut
434 2299 532 2341 mores
553 2291 673 2341 teneros
694 2298 748 2340 ceu
771 2278 880 2356 pollice
902 2279 997 2355 ducat,

226 2363 265 2425 Ut
284 2367 310 2424 si
331 2367 485 2443 quiscere
506 2364 614 2424 vultum
632 2364 716 2432 facin
740 2364 866 2440 exigite,
888 2371 919 2422 ut
938 2363 975 2420 sit

227 2447 264 2508 Et
287 2457 370 2526 pater
391 2448 484 2526 ipsius
505 2458 626 2524 coetus,
648 2464 685 2505 ne
704 2448 798 2524 turpia
821 2445 929 2521 ludant,

226 2531 271 2592 Ne
290 2532 398 2592 iaciant
420 2529 542 2591 uicibus.
586 2529 652 2590 Non
674 2539 719 2590 est
739 2529 869 2590 lovetot
890 2546 1047 2608 puerorum
1169 2543 1185 2594 t

228 2613 394 2676 Observare
416 2632 517 2675 manus
538 2615 700 2694 oculosque
722 2615 749 2673 in
770 2614 827 2674 iine
848 2622 1014 2674 trementes.

227 2698 323 2777 Haec,
345 2699 451 2778 inquit,
475 2716 560 2759 cura:
583 2699 635 2760 sed
659 2717 743 2778 quum
767 2716 798 2758 se
820 2699 941 2758 verterit
961 2714 1062 2774 annus,

227 2781 356 2861 Accipe,
380 2783 484 2843 victori
508 2781 634 2861 populus
656 2782 735 2861 quod
754 2781 897 2861 postulat,
920 2799 1028 2842 aurum.

539 3146 777 3212 SATIRA
805 3145 900 3210 VIII.

228 3249 389 3342 Stemmata
412 3279 480 3360 quid
500 3277 630 3341 iaciunt?
649 3280 716 3359 quid
737 3279 874 3359 prodest,
896 3279 1032 3355 Pontico,
1055 3277 1151 3356 longo

228 3366 374 3442 Sanguine
396 3367 525 3441 censeri,
549 3366 645 3444 pictos
665 3365 823 3425 ostendere
842 3363 939 3423 vuitus

227 3447 366 3508 hiaiorum
387 3457 416 3509 et
436 3459 544 3510 stantes
566 3451 594 3509 iu
617 3449 747 3510 curribus
769 3448 948 3508 Aemilianos

227 3530 266 3592 Et
288 3530 391 3594 Curios
412 3535 467 3594 iam
484 3534 617 3595 dimidios
638 3533 833 3610 humerosque
853 3532 994 3591 miuorem
