2444 3984
216 263 319 312 xxxm
352 235 390 311 .⁸
601 262 808 310 annnorum.

220 413 269 466 125
281 414 306 464 et
314 413 367 466 223
377 414 448 477 poeta
458 413 531 481 urget
541 413 566 463 et
576 421 641 462 nuuc
650 405 683 461 ita
694 406 802 476 posuisse
812 407 917 472 uidetur,
929 413 957 462 ut
967 422 1015 461 non
1025 406 1078 477 pari
1089 422 1149 462 cunr
1161 422 1204 462 aa·

219 491 383 548 teredentihus
395 491 515 548 infinitivis
531 492 586 547 loco
596 489 678 546 haberi
687 490 730 546 sed
741 490 806 547 hunc
815 505 913 546 sensum
930 505 983 544 esse
993 489 1081 547 vellet:
1093 491 1156 547 dum
1168 490 1204 546 di·

218 576 288 632 vitias
305 575 428 648 adquiras,
452 575 518 632 nullo
536 575 635 630 crimine
650 573 777 631 abstinere.
794 602 837 614 -
852 574 881 632 V.
897 577 950 633 269
961 574 1018 646 quin
1029 589 1073 645 pro
1083 581 1205 644 suspecto

218 667 340 726 notarem,
361 665 495 729 temperare
505 658 564 715 mihi
574 673 622 714 non
632 657 715 728 potuir
732 659 805 716 uinria
815 664 881 714 certe
890 657 1007 714 acerbitas
1016 659 1114 714 uidetur
1122 659 1149 714 in
1160 659 1206 714 de·

217 744 361 815 ecnptiene,
374 758 435 815 quae
445 757 533 798 vanum
544 742 625 813 potius
642 747 668 796 et
677 744 844 808 temerarium,
863 756 935 814 quam
952 741 1025 798 vilem
1036 749 1061 797 et
1077 741 1205 813 perditum

219 833 377 884 mercatorem
390 825 513 897 proponit,
525 825 650 898 ipsumque
667 825 781 883 orationis
798 841 896 882 cursum
912 825 988 882 imnis
1006 824 1204 898 amplificationis

218 912 332 982 strepitus
350 910 439 972 tardatr
457 911 536 966 acrius
551 916 631 965 tamen
649 915 719 966 tueor
732 911 796 982 qued
814 917 839 966 et
850 910 921 966 huius
936 910 1022 966 satirae
1032 926 1055 966 v.
1065 916 1120 969 315
1132 915 1158 966 et
1169 907 1202 964 10

219 999 270 1053 365
282 1007 324 1064 pro
336 991 406 1048 dudm
418 1008 474 1049 cum
484 993 620 1049 Heinrichio
632 993 717 1063 scripsi
726 993 797 1060 adest,
809 995 874 1067 quod
884 999 912 1049 ut
924 994 1047 1065 superiore
1057 993 1113 1050 loco
1125 993 1204 1064 ipsius

220 1076 341 1132 Pithoeani
352 1075 399 1131 iide
409 1077 503 1140 nititur,
516 1077 549 1132 ita
561 1077 725 1148 antiquissimu
734 1078 852 1134 lactantii
861 1077 999 1134 testimonio
1011 1076 1088 1133 instit.
1100 1077 1150 1132 diu.
1159 1075 1202 1132 111.

220 1163 254 1219 29
264 1161 298 1215 ita
314 1159 437 1224 firmatur,
449 1167 477 1215 ut
488 1176 552 1216 nunc
563 1160 601 1216 vei
613 1167 696 1216 contra
707 1163 826 1232 optimum
837 1161 946 1218 codicem
956 1160 1110 1216 retinendum
1120 1161 1203 1216 nimum

218 1245 264 1307 sit;
275 1259 306 1300 ne
317 1242 468 1313 enimipsum
479 1252 575 1315 poetam
585 1245 688 1299 sanasse
698 1259 851 1312 censeamus,
861 1246 994 1302 mercuriae
1003 1258 1099 1318 quoqrre
1110 1258 1203 1300 conue-

218 1329 307 1384 nientia
317 1333 395 1392 vetat,
412 1327 452 1383 cui
461 1328 541 1384 solum
551 1326 616 1384 adeat
631 1335 741 1384 constare
756 1331 781 1384 io
791 1329 883 1386 tundis.
895 1344 919 1398 p.
932 1330 965 1386 17
975 1328 1079 1386 detmd.
1090 1355 1134 1366 -
1146 1327 1201 1384 Sat.

218 1411 269 1468 XV.
281 1427 303 1466 u.
315 1413 359 1470 86.
371 1415 404 1470 87
416 1411 593 1483 interpolatoris
604 1427 683 1484 nugas
693 1414 766 1470 etiam
777 1411 893 1469 Orellinm
913 1410 1097 1483 deprehendisse
1107 1413 1201 1474 laetor;

218 1511 264 1551 nec
274 1511 297 1550 u.
309 1499 360 1553 124
372 1509 414 1552 eos
424 1497 492 1568 sequi
504 1495 621 1561 dubitaui,
640 1497 681 1568 qui
698 1513 742 1568 pro
758 1495 895 1553 Britanibus
911 1496 991 1552 minus
1006 1502 1063 1551 neta
1073 1495 1201 1553 Bistonum

219 1586 294 1652 gente
304 1579 414 1635 restituta
423 1581 530 1636 numeris
539 1581 611 1636 simu
623 1587 648 1635 et
660 1581 765 1637 sermoni
776 1581 961 1644 consonuerunt,
973 1579 1014 1652 qui
1025 1580 1089 1650 apud
1099 1580 1211 1635 quena-t

219 1665 267 1719 lem
280 1662 412 1718 Britcoecs
427 1669 521 1719 tantum
537 1665 655 1727 admittit,
672 1664 757 1722 eodem
768 1680 824 1721 vero
836 1664 946 1733 exemplo
957 1660 1009 1718 Sat.
1021 1660 1082 1720 xu.
1095 1670 1109 1722 1
1122 1665 1200 1718 rarius

219 1745 293 1804 Gellii
303 1761 392 1802 nomen
402 1746 508 1802 reuocari
519 1747 941 1817 ipsiosPithoeauiauctoritasiussit,
952 1747 1097 1818 quodquum
1107 1747 1200 1803 librarii

219 1834 370 1904 ignorarent,
393 1836 487 1886 mature
503 1828 570 1886 Galle
586 1846 630 1902 pro
647 1829 712 1888 Gelli
726 1833 853 1888 scribendo
865 1831 969 1887 editores
985 1845 1081 1903 quoque
1091 1830 1116 1886 in
1126 1830 1199 1886 huius

219 1916 363 1972 obliuionem
375 1915 530 1972 adduxerunt.
540 1945 580 1954 -
592 1912 760 1988 Sulpiciae
773 1918 885 1982 satiram,
897 1930 969 1987 quam
979 1913 1073 1971 Pitheci
1085 1915 1198 1970 aliorum·

219 2016 266 2072 que
281 1998 392 2072 exemplo
409 1999 524 2055 comitem
534 1999 639 2054 quenali
651 2000 744 2070 addidi,
756 2002 806 2056 iere
815 2006 892 2056 totam
902 1999 932 2055 ad
944 1997 1103 2056 Wemsdorfli
1115 2014 1197 2056 crem

218 2087 270 2155 ptar
281 2083 400 2154 expressi,
413 2098 485 2154 quem
495 2084 569 2139 semel
579 2089 673 2140 tantum
689 2085 788 2142 miratus
798 2100 853 2140 sum
863 2098 888 2137 u.
899 2088 932 2140 55
944 2084 1074 2153 proclivem
1085 2083 1197 2139 emcnda-

219 2169 309 2226 tionem
319 2184 375 2238 apes
384 2181 428 2237 pro
439 2168 636 2238 cpessprevisse;
647 2167 755 2222 inaltero
766 2169 835 2235 loco,
846 2165 888 2220 ubi
898 2167 928 2221 ab
937 2166 1000 2221 iliirrs
1006 2167 1111 2223 lectione
1121 2167 1197 2224 disce·

219 2254 278 2309 dens
288 2267 310 2309 v.
323 2256 356 2308 61
373 2250 432 2305 oete
448 2265 504 2304 oum
518 2250 656 2305 Burmanno
672 2264 716 2319 pro
732 2251 805 2306 odient
821 2249 921 2318 scripsi,
938 2263 1020 2305 veram
1031 2252 1136 2319 poetriae
1146 2267 1196 2306 ma·

219 2351 276 2391 num
288 2348 334 2389 nec
343 2333 396 2402 ipse
406 2339 526 2402 praestare
538 2332 624 2390 audeo.

302 2465 357 2524 Ser.
373 2464 503 2537 Gottingae
514 2463 538 2519 d.
552 2463 629 2520 XXIV
639 2463 726 2522 Sextii,
738 2481 759 2520 a.
772 2463 939 2521 mucuctlv.

823 2639 943 2778 011.
967 2695 1139 2775 Hermone.
