2438 3994
211 269 250 330 64
566 280 602 326 n.
623 280 694 328 mu.
719 279 904 328 mvnuams

209 421 255 480 De
279 435 371 495 grege
394 414 577 494 Moesorum,
603 419 651 496 qui
674 436 720 477 me
745 419 863 478 cervice
885 419 980 480 locata

210 504 349 563 Securum
373 499 489 560 iubeant
513 501 641 561 clamoso
665 502 799 560 insistere
827 503 916 562 circo.

210 587 254 646 Sil
277 584 344 644 mihi
365 593 520 662 praeterea
544 602 649 644 curvus
672 584 803 644 caelator
825 594 854 643 el
878 586 963 662 alter,
1148 595 1198 652 145

211 668 266 742 Qui
286 668 391 728 mullas
411 667 503 728 iacies
527 668 617 745 pingit
640 668 713 727 cilo:
738 667 881 729 sufficiunt
900 669 985 746 haec,

210 750 332 824 Quando
356 767 413 827 ego
436 768 548 829 pauper
571 751 639 811 ero!
666 749 773 811 Votum
795 751 978 829 miserabile,
1001 771 1057 814 nec
1081 771 1158 833 spes

209 833 261 894 llis
287 835 404 902 saltem;
431 852 495 894 nam
519 852 604 914 quum
626 851 679 913 pro
704 853 750 894 me
776 833 901 896 Fortuna
922 847 1052 916 rogatur,

210 917 311 977 Alunt
336 935 419 977 ceras
441 917 490 976 illa
514 917 552 977 do
573 935 647 977 nave
670 919 785 995 peliias,
878 947 882 955 ·

211 1000 292 1073 Quae
315 999 430 1060 Siculos
457 1009 557 1060 cantus
582 1000 683 1076 elingit
704 1000 816 1076 remige
841 1001 964 1065 surdo.“
1150 1017 1200 1068 loo

545 1225 851 1238 --.——...........-...

487 1419 527 1510 ll.
555 1417 663 1510 llldll
688 1419 910 1516 lllllllllbll

612 1587 789 1664 nonnunus

361 1731 1044 1846 scillitanum

559 1939 661 2003 LIBER
686 1939 852 2016 QUARTUS.

539 2193 776 2308 ananan
812 2241 857 2306 x.

210 2352 530 2456 (innocentiana,
556 2398 630 2458 quae
654 2389 718 2440 suni
741 2398 756 2439 a
782 2378 910 2439 Gadibus
931 2397 1023 2458 usque

210 2468 353 2528 Auroram
374 2472 403 2522 et
427 2462 570 2541 Gangen,
594 2464 679 2542 pauci
704 2461 858 2521 dinoscere
883 2472 1004 2539 possunt

209 2551 288 2610 Vera
313 2547 390 2607 bona
412 2555 498 2626 atque
520 2546 577 2607 illis
602 2546 718 2606 mulium
744 2544 876 2619 diversa,
900 2555 1011 2606 remota
1084 2547 1109 2620 J

210 2634 327 2694 Erroris
351 2630 466 2691 nebula.
504 2627 579 2702 Quid
605 2630 679 2689 enim
700 2629 813 2689 ratione
837 2628 969 2689 timemus

210 2718 268 2778 Aur
291 2711 444 2794 cupimus?
472 2714 540 2793 quid
560 2723 616 2774 tam
637 2712 739 2772 dextro
766 2712 843 2790 pede
869 2713 1017 2792 concipis,
1039 2722 1070 2773 ut
1091 2722 1121 2774 te
1182 2725 1196 2774 5

212 2800 339 2861 Gonatus
360 2815 417 2858 uon
440 2797 589 2875 poeniteat
610 2797 729 2874 votique
752 2791 884 2874 peraoiii

210 2884 354 2946 Everterc
378 2881 479 2941 domos
505 2889 581 2941 lotas
606 2879 772 2958 optantibus
793 2879 864 2957 ipsis

210 2968 247 3028 Di
274 2966 390 3033 facilem
417 2964 655 3041 acclinandum,
681 2965 811 3023 nocitura
836 2971 970 3041 petuntur

211 3051 326 3118 lliliiia;
353 3058 468 3109 torrens
492 3047 607 3108 dicendi
635 3048 718 3125 copia
742 3047 837 3106 multis

210 3134 247 3194 lii
269 3151 320 3192 sua
343 3130 491 3191 mortifera
514 3139 559 3190 est
582 3130 729 3199 lacundia;
752 3130 862 3190 viribus
885 3129 935 3189 ille
1165 3139 1197 3190 1ο

212 3216 344 3277 Confisus
370 3216 456 3292 periit
476 3214 707 3294 admirandisque
731 3214 860 3274 lacertis.

211 3298 272 3360 Sed
296 3299 396 3378 plures
418 3299 502 3358 nimia
525 3307 666 3376 congesta
689 3298 813 3376 pecunia
838 3314 906 3356 cura
1210 3349 1211 3370 p

211 3382 428 3460 strangularet
452 3391 553 3443 cuncta
579 3398 759 3460 exsuperans
783 3379 954 3458 patrimonia
980 3395 1095 3453 census,
1210 3371 1211 3406 l

213 3462 326 3536 Quanto
353 3466 496 3546 delphinis
518 3466 653 3526 ballaena
677 3464 839 3525 Britannica
860 3464 960 3524 maior.
