2444 3984
209 261 249 324 38
559 271 595 318 l).
617 270 689 318 mu.
708 269 896 318 Iuventus
1016 267 1018 274 ’

210 410 318 471 Oscula
342 408 490 470 delectent
512 416 542 468 et
563 408 730 486 desperatio
753 405 873 482 barbae,

209 495 247 555 llt
270 493 348 573 quod
371 492 504 554 abortivo
529 509 586 552 non
609 501 655 550 est
678 508 762 569 opus.
798 489 854 550 llla
875 491 1012 570 voluptas
1134 519 1136 525 v

210 580 325 639 Summa
346 585 457 653 tamen,
480 577 557 654 qnod
578 578 635 636 iam
656 575 749 636 calida
770 583 879 635 matura
902 577 1019 637 iuuenta

210 662 328 740 Inguina
355 659 739 735 traduntnrnuedicis,ian1
761 659 878 736 pectine
900 661 994 737 nigro.
1149 672 1192 726 370

209 745 290 823 Ergo
312 753 501 824 exspectatos
527 761 562 804 ac
583 745 680 802 iussos
704 760 842 802 crescere
863 744 984 821 primum
1093 807 1096 814 ,

209 828 392 905 Posticulos,
414 837 569 907 postquam
591 836 752 906 coeperunt
774 844 841 886 esse
861 826 992 903 bilibres,

211 914 351 974 Tonsoris
370 912 473 973 damno
495 921 603 973 tantum
625 913 700 990 rapit
721 909 908 971 Heliodorus.
951 941 955 948 ·

208 989 394 1077 'Conspicuus
420 996 509 1073 longe
533 997 702 1073 cunctisque
725 995 861 1055 notabilis
883 996 969 1056 intrat

210 1082 336 1157 Balnea,
359 1098 415 1140 nec
437 1079 525 1140 dubie
549 1078 699 1139 custodem
721 1080 787 1138 vitis
810 1087 840 1138 et
862 1079 938 1138 horti
1146 1088 1196 1144 375

209 1166 371 1240 Provocat,
395 1182 412 1225 a
434 1165 547 1225 domina
568 1163 662 1224 factus
685 1162 787 1240 spado.
823 1162 954 1224 Dormiat
975 1162 1025 1222 ille

212 1247 282 1308 Gum
305 1248 433 1309 domina:
458 1247 511 1308 sed
534 1257 564 1307 tu
585 1248 641 1306 iarn
662 1245 778 1322 durum,
803 1245 956 1324 Postume,
980 1249 1092 1325 iamque

211 1332 398 1393 Tondendum
423 1331 555 1392 eunucho
579 1330 723 1390 Bromium
747 1332 928 1392 committere
952 1331 1022 1390 noli.

253 1418 284 1477 Si
307 1415 416 1494 gaudet
438 1409 538 1491 can'tu,
562 1414 668 1474 nullius
690 1413 778 1475 fibula
801 1414 884 1475 durat

211 1501 322 1561 Vocem
342 1498 494 1561 vendentis
517 1499 716 1578 praetoribus;
740 1516 850 1576 organa
872 1517 988 1578 semper
1148 1509 1197 1562 380

211 1585 242 1645 ln
267 1584 412 1652 manibus;
439 1584 520 1644 densi
544 1582 656 1644 radiant
679 1583 824 1644 testudine
850 1592 911 1643 tota

212 1666 433 1743 sardonyches:
458 1669 555 1744 crispo
581 1676 764 1726 numerantur
787 1670 905 1745 pectine
927 1667 1071 1745 chordae,

212 1750 277 1825 Quo
300 1761 382 1812 tener
403 1749 580 1827 Hedymeles
604 1767 711 1828 operas
731 1750 828 1811 dedit:
851 1752 927 1812 hunc
949 1760 1047 1828 tenet,
1070 1751 1129 1812 lucc
1151 1769 1182 1810 se

212 1835 330 1896 Solatur
354 1843 497 1912 gratoque
522 1834 653 1911 indulget
674 1833 756 1894 basia
782 1835 907 1913 plectro.

212 1919 361 1994 Quaedam
386 1918 423 1980 de
448 1935 567 1979 numero
592 1918 751 1979 Lamiarum
774 1938 809 1978 ae
832 1920 953 1979 nominis
978 1919 1046 1979 Aeli
1149 1929 1194 1982 385

211 2003 249 2064 Et
271 2004 349 2065 farre
372 2013 401 2063 et
423 2004 489 2063 vino
512 2003 609 2063 lanum
629 2002 808 2082 Vestamque
830 2003 964 2081 rogabat,

211 2089 258 2148 An
281 2086 474 2166 Capitolinam
497 2088 620 2148 deberet
641 2087 735 2147 Pollio
759 2104 897 2165 quercum

212 2174 340 2251 Sperare
364 2181 393 2231 et
415 2171 517 2236 fidibus
540 2173 720 2250 promittere.
756 2169 833 2243 Quid·
853 2172 966 2231 laceret
987 2170 1054 2248 plus

213 2257 394 2334 aegrotante
414 2253 500 2314 viro?
524 2255 645 2314 medicis
669 2255 736 2332 quid
758 2253 887 2320 tristibus
912 2271 983 2330 erga

211 2336 367 2400 Pilioluml
392 2339 472 2397 stetit
493 2347 560 2397 ante
580 2355 675 2412 aram,
699 2354 754 2396 nec
774 2346 859 2415 turpe
880 2337 990 2415 putavit
1151 2348 1195 2403 390

212 2423 268 2482 Pro
293 2420 403 2482 cithara
425 2420 527 2480 velare
550 2429 653 2498 caput,
676 2421 842 2499 dictataque
864 2421 957 2480 verba
1153 2423 1155 2429 '

212 2504 349 2580 Pertulit,
373 2513 404 2563 ut
423 2520 486 2563 mos
512 2513 574 2580 est,
600 2513 629 2564 et
651 2514 753 2583 aperta
775 2504 877 2584 palluit
899 2523 982 2582 agna.

212 2589 268 2650 Dic
287 2587 354 2648 mibi
376 2606 468 2664 nunc,
492 2605 622 2667 quaeso,
650 2589 713 2665 dic,
736 2591 933 2668 antiquissime
954 2588 1059 2667 diutim,

213 2672 388 2752 Respondes
409 2671 471 2748 bis,
495 2672 563 2733 lane
585 2669 689 2752 pater?
715 2692 818 2751 magna
839 2676 898 2735 otia
923 2674 1015 2741 coeli;

213 2756 279 2817 Non
299 2766 361 2834 est,
386 2757 463 2836 quod
482 2757 586 2835 video,
605 2774 663 2817 non
682 2768 728 2817 est
749 2758 826 2837 quod
843 2767 947 2837 agatur
965 2758 1041 2836 apud
1061 2759 1129 2822 vos!
1151 2770 1194 2824 395

213 2841 292 2902 llaec
315 2841 351 2901 de
375 2840 523 2901 comoedis
545 2851 574 2902 te
598 2843 736 2911 consulit;
759 2842 809 2902 illa
831 2842 1001 2919 tragoedum

215 2924 424 2987 Commendare
449 2925 546 2985 volet:
572 2929 724 2987 varicosus
747 2925 796 2984 liet
815 2924 971 3004 haruspex.

214 3009 273 3070 Sed
298 3018 394 3070 cantet
417 3011 529 3088 potius,
554 3028 638 3088 quam
660 3019 749 3069 totam
771 3009 907 3087 pervolet
929 3010 1029 3070 urbem

215 3092 318 3153 Audax
341 3102 370 3151 et
394 3102 497 3153 coetus
519 3095 613 3170 possit
636 3110 711 3170 quae
735 3092 815 3151 lerre
837 3094 982 3153 virorum·
1208 3159 1209 3168 ,

215 3173 344 3255 (lumque
366 3176 510 3253 paludatis
533 3175 653 3236 ducibus
676 3185 832 3253 praesente
855 3179 957 3237 marito
1152 3173 1209 3256 toul

214 3259 281 3337 lpsa
306 3259 386 3336 loqui
408 3267 491 3318 reeta
514 3259 592 3318 facie
620 3260 766 3338 siccisque
787 3260 930 3321 mamillis.
1208 3263 1209 3282 .

214 3342 294 3402 llaec
318 3340 420 3400 eadem
441 3343 536 3417 novit,
563 3343 631 3421 quid
653 3352 714 3404 toto
738 3343 787 3404 fiat
808 3346 837 3404 in
861 3344 948 3414 orbe;

215 3423 290 3498 Quid
312 3425 419 3499 Seres,
448 3425 516 3502 quid
540 3425 669 3487 Thraces
692 3437 793 3505 agant3
816 3439 933 3490 secreta
956 3447 1103 3492 novercae

216 3505 251 3566 Et
275 3506 376 3584 pueri;
402 3509 466 3585 quis
490 3518 582 3587 amet,
607 3513 670 3589 quis
694 3512 842 3591 diripiatur
864 3513 986 3574 adulter.
