2444 3984
433 295 641 343 PRAEFATIO.
941 298 1029 346 xxtx

50 439 150 496 Iahnius
162 437 241 494 Ιαεειιε
253 437 362 508 scripsit,
379 437 456 493 tuitus
472 453 526 493 sum
536 438 627 494 Vindio.
639 453 664 510 p.
677 441 724 502 llr
735 439 820 494 eodem
830 455 887 494 vero
900 447 998 496 auctore
1007 456 1029 502 u.

51 527 103 582 106
111 522 287 595 seoeenupro
305 523 398 577 meeum
413 522 515 578 libenter
531 522 655 593 rescripsi,
674 537 722 577 nec
737 539 759 576 v.
771 525 926 581 lla-121
942 523 1032 580 rectius

50 605 147 662 consuli
156 605 283 660 arbitratus
296 619 359 673 sum,
371 621 443 677 quam
453 613 480 661 ut
496 612 590 661 servato
601 605 685 676 optimi
696 605 786 661 codicis
796 605 879 661 ordine
889 605 963 661 lahnii
974 623 1032 663 con·

48 692 170 746 iecturam
179 695 228 744 tou
237 689 275 745 od
284 705 328 760 pro
337 695 452 755 modest,
472 689 617 744 Laolrmanni
634 707 690 746 ecoe
699 689 736 745 eie
746 704 789 760 pro
800 689 880 745 ommis
889 691 1030 761 reciperem.

49 787 198 845 quamquam
209 773 239 828 de
249 773 346 845 reliquis
356 787 386 828 ne
396 772 420 828 hi
432 773 526 845 quidem
538 773 608 844 plane
624 773 682 828 mibi
693 774 868 830 satisfecerunt.
896 771 948 830 Nec
957 780 1029 840 certe

49 856 118 928 quod
134 871 159 910 v.
173 861 224 914 111
236 871 266 912 ex
276 858 356 927 priore
366 856 429 912 Pith.
441 872 513 913 manu
530 858 692 919 retinuerunt.
709 857 757 912 iarn
767 856 839 912 buius
849 858 1032 916 correctorius

48 955 97 996 suo
113 939 139 994 in
148 955 205 995 mon
221 946 328 996 mutasse
343 940 450 1005 videtur,
467 957 514 1012 quo
534 941 631 996 demum
649 942 713 998 tacto
732 942 794 996 iusta
811 955 867 996 cum
877 941 1031 1012 sequentibus

50 1025 163 1078 iunctura
174 1037 217 1094 per
227 1023 394 1096 gradationem
405 1024 518 1087 struitur;
528 1031 643 1095 nequent
653 1025 682 1080 ad
693 1025 849 1080 cevereierre
858 1026 936 1097 magis
947 1025 1031 1084 dubito

48 1121 124 1178 mam
136 1105 221 1163 Cicero
238 1107 355 1163 dubitavit
365 1105 436 1163 Ollio.
452 1108 473 1162 l.
485 1111 520 1166 39
530 1108 618 1179 aliique
628 1109 692 1179 apud
701 1107 778 1164 Periz.
790 1108 821 1164 ad
837 1106 918 1165 Sanet.
931 1125 956 1180 p.
967 1107 1029 1179 985,

48 1189 141 1261 quibus
157 1189 218 1245 adde
233 1191 353 1248 comicum
368 1191 431 1262 apud
447 1189 539 1248 Gbarb.
557 1206 583 1263 p.
599 1194 668 1255 2463
685 1192 779 1262 spurios
795 1198 877 1248 autem
893 1193 1031 1266 priusquam

47 1272 163 1344 singulos
176 1275 259 1330 uersus
276 1274 394 1340 iudicem,
411 1275 486 1330 totius
502 1275 550 1330 loci
567 1281 677 1332 tenorem
692 1277 716 1332 in
729 1276 927 1346 disceptationem
937 1287 1030 1344 vocem,

49 1371 124 1428 quem
135 1356 173 1412 sic
182 1357 285 1412 maxime
294 1359 380 1414 uellem
390 1358 453 1429 apud
462 1359 590 1435 probatum
599 1365 686 1414 testem
696 1359 812 1430 scriptum
822 1360 935 1416 inueniri:

136 1439 226 1496 idcirm
249 1448 276 1497 ut
295 1441 392 1514 liopono
409 1448 554 1498 mmeramme
569 1443 740 1514 mmrcipioruon

132 1525 231 1595 poetic:
250 1525 510 1600 linquamolo'nomquc
519 1532 622 1596 estpars
629 1526 736 1596 pessumo
745 1526 816 1581 seui.

47 1608 76 1663 l'.
90 1610 144 1674 nte
154 1607 232 1664 boeto
243 1608 351 1675 codices.
368 1609 468 1666 looctouo
485 1609 581 1664 Iahnius
592 1624 613 1665 c.
625 1608 776 1674 Heinricbio‚
791 1609 879 1664 blanda
888 1610 976 1680 specie,
988 1611 1032 1668 sed

47 1693 337 1762 praetermeantem,
350 1707 424 1764 quum
434 1692 545 1748 lecticam
556 1692 628 1746 etiam
640 1693 742 1748 conduci
751 1693 847 1748 solitam
862 1707 916 1748 esse
926 1692 966 1748 vt.
979 1697 1030 1751 352

48 1776 176 1847 legamus;
186 1791 265 1847 neque
275 1777 333 1832 illud
344 1775 437 1841 obstat,
449 1776 512 1848 quod
522 1775 642 1832 Naeuolus
651 1791 710 1831 mox
723 1777 867 1832 caelatorem
877 1783 903 1831 et
914 1777 1031 1847 pictorem

49 1859 198 1914 domesticos
215 1858 304 1914 habere
319 1861 399 1931 nuptu
419 1859 444 1915 bi
459 1860 524 1915 enim
540 1859 664 1916 dominum
682 1861 749 1916 alunt
761 1860 842 1930 potius
860 1875 932 1931 quam
949 1860 1030 1917 abillo
1107 1893 1110 1898 ·

49 1942 159 2008 aluntur,
178 1943 293 1999 lectrcarii
309 1943 386 2000 multo
403 1943 496 1999 minore
512 1943 620 2014 impensa
637 1943 805 1999 conducuntur
818 1957 890 2014 quam
906 1944 972 1998 domi
989 1959 1030 2013 pn·

48 2031 158 2081 suuntur.

133 2109 187 2165 lib.
200 2108 240 2166 lv,
252 2107 303 2165 Sat.
313 2110 344 2166 ll.
355 2126 378 2166 r.
387 2113 421 2169 65
434 2110 498 2183 quod
508 2109 615 2164 incerere
625 2123 681 2164 cum
691 2108 766 2174 libris,
780 2124 829 2164 non
843 2123 899 2164 cum
909 2107 1030 2180 lladvigio

51 2200 75 2248 et
81 2194 164 2249 labnio
171 2194 275 2250 inerme
285 2195 376 2266 scripsi,
387 2181 479 2252 deic.
486 2209 512 2265 p.
521 2197 555 2252 16
562 2193 670 2264 pluribus
678 2192 824 2248 vindicatum
831 2198 881 2256 ectr
893 2191 1031 2265 ibidemque

52 2293 74 2332 u.
86 2281 138 2336 240
148 2278 199 2334 eru
208 2293 254 2349 pro
263 2284 319 2334 murt
331 2284 357 2333 et
366 2294 390 2334 u.
401 2281 453 2337 365
463 2276 527 2334 obest
537 2292 581 2348 pro
592 2276 662 2332 tute
672 2275 796 2332 Pithoeaui
813 2282 879 2332 certe
888 2276 1032 2334 auctoritate

51 2361 146 2416 delendi
156 2377 163 2426 ;
174 2361 278 2416 eundem
293 2368 436 2417 tameuutv.
443 2363 477 2420 to
487 2360 606 2417 indicibus
617 2367 658 2415 aut
668 2376 691 2415 v.
699 2364 734 2418 93
744 2366 845 2432 napum
854 2359 982 2417 scribendo
993 2376 1032 2417 se-

50 2459 144 2514 quernr,
156 2444 513 2517 nelalmiiquidemexemplum
519 2445 602 2510 mouit,
614 2459 660 2500 nec
667 2460 691 2500 v.
699 2447 750 2504 tll
758 2445 786 2499 in
793 2460 890 2517 corpore
900 2450 942 2500 aut
948 2460 972 2500 v.
980 2447 1032 2505 316

51 2529 144 2599 raptum
155 2527 214 2584 huic
224 2529 476 2588 concedendumduxl.
493 2529 540 2584 Pro
547 2528 665 2584 indicabas
677 2529 723 2584 iam
731 2528 837 2584 secunda
843 2529 1032 2586 manusindo‘co'u

51 2613 161 2678 restitut
173 2626 222 2668 nec
231 2613 302 2668 laede
311 2613 441 2686 intelligas,
456 2612 577 2685 quomodo
585 2613 676 2668 delator
687 2612 745 2666 alios
755 2617 877 2682 praeterea
887 2611 980 2667 brdiecs
991 2614 1032 2668 ad-

52 2693 144 2764 hibeat,
161 2696 204 2768 qni
221 2712 270 2752 non
286 2711 344 2752 mox
360 2695 452 2752 tectim
468 2697 565 2751 nomine
582 2693 826 2765 comprehendantur:
842 2694 936 2752 indicio
952 2702 1032 2752 autem

54 2792 107 2832 oum
116 2778 216 2835 tmtibru
226 2780 308 2836 iuncta
325 2781 373 2836 duo
388 2780 428 2836 illa
447 2780 614 2850 probationum
629 2791 718 2848 genera
732 2777 855 2844 referunt,
868 2793 930 2850 quae
940 2785 1033 2836 veteres

53 2853 175 2930 helpen
188 2871 213 2918 et
222 2855 337 2932 ἀτέχνου
347 2856 503 2924 mendosus
513 2861 637 2919 uocabulis
647 2861 832 2930 descripserunt,
844 2863 969 2932 multoque
976 2878 1033 2933 pro·

53 2943 133 3001 elicior
143 2962 157 3001 a
167 2946 254 3021 petbus
265 2947 294 3003 ad
304 2947 422 3003 indicibus
438 2948 519 3018 lapsus
530 2947 588 3011 tuit,
606 2960 678 3016 quam
694 2944 817 3000 librarium
828 2945 858 3000 ab
869 2943 988 3000 indidbus
1002 2947 1033 3002 ad

53 3027 148 3086 docum
165 3031 226 3088 illud
240 3030 382 3087 indiciorum
399 3031 526 3087 discrimen
543 3029 664 3086 aberrasse
679 3035 866 3084 consentaneum
882 3029 922 3084 sit.
957 3029 985 3087 V.
998 3034 1034 3090 93

54 3121 175 3184 mprutarm
185 3113 331 3186 Caprearum
348 3130 432 3186 rupem
444 3115 484 3187 qui
496 3115 655 3185 sumpserunt,
671 3113 772 3168 ironiam
785 3119 947 3184 captaverunt,
961 3130 1032 3185 quam

55 3200 131 3252 tamen
146 3211 227 3270 neque
243 3197 269 3254 in
284 3198 369 3254 morto
378 3198 495 3255 vocabulo
510 3212 588 3270 neque
602 3197 627 3252 in
645 3213 716 3269 prope
727 3195 846 3254 dboldceo
862 3198 1032 3270 agnoscimus:

57 3279 140 3350 exigua
150 3281 228 3354 igitur
237 3283 372 3338 mutatione
382 3298 438 3338 cum
445 3281 568 3352 Rupertio,
583 3281 842 3345 HeinricbioWebero
853 3289 955 3354 mmmm
965 3298 1033 3354 prae-

57 3362 112 3427 tuli,
131 3365 195 3436 quod
216 3366 290 3422 etiam
305 3367 358 3421 sine
368 3367 498 3422 multorum
515 3365 626 3421 codicum
642 3364 780 3420 adiumento
792 3365 930 3421 coniectura
939 3365 1033 3439 assequi

58 3443 153 3511 licebat;
168 3449 301 3521 eademque
311 3465 382 3506 causa
393 3456 431 3504 est
440 3465 463 3505 u.
475 3453 535 3514 217,
547 3448 588 3504 ubi
598 3449 626 3504 in
636 3455 692 3520 post
701 3449 749 3504 tom
759 3449 830 3506 simili
842 3450 894 3505 eius
905 3451 979 3506 errori
989 3449 1032 3506 tn'·

59 3525 116 3593 buo,
126 3533 165 3603 qui
176 3534 249 3590 etiam
260 3549 283 3588 v.
296 3538 338 3592 36.
350 3533 383 3590 et
394 3539 451 3605 post
456 3541 590 3604 praetorem
601 3540 626 3587 et
636 3533 755 3588 mrblimem
766 3534 968 3606 praepositionem
978 3549 1033 3604 por·

60 3623 134 3676 peram
148 3615 258 3680 intmsit;
268 3617 347 3673 solum
360 3624 425 3672 certe
432 3617 561 3672 ablativum
574 3618 598 3671 in
612 3618 664 3688 pari
676 3618 855 3676 constructione
865 3616 981 3672 babemus
991 3615 1031 3672 Vl.
