2438 3994
236 293 278 354 50
570 306 604 352 n.
623 306 694 354 uun.
714 307 900 357 unvunasas

236 443 362 506 Fidimus
383 439 526 521 eloquio?
550 441 686 504 Ciceroni
707 463 793 505 nemo
817 446 958 507 ducentos

236 526 319 588 lluuc
340 525 453 587 dederit
474 544 620 604 nummos,
642 529 698 587 uisi
719 528 834 589 fulserit
856 531 977 590 annulus
999 533 1112 608 ingens.
1173 539 1204 592 lit

238 609 370 690 Respicit
389 611 464 670 baec
486 610 622 689 primum,
646 613 694 690 qui
714 611 824 689 litigat,
846 631 882 674 au
903 613 954 674 tibi
977 616 1055 674 servi

236 693 329 771 Octo,
352 693 454 754 decem
477 694 615 769 comites,
639 713 675 754 au
694 703 761 773 post
782 705 811 756 te
831 697 922 773 sella,
945 699 1037 775 togati

235 778 311 838 Ante
333 776 435 856 podes.
480 777 551 837 ldeo
574 779 716 838 conducta
737 778 842 839 Paulus
865 781 972 858 agebat

236 860 441 937 Sardonycbe,
463 869 551 940 atque
572 861 640 922 ideo
663 861 754 940 pluris
777 881 861 940 quam
886 863 985 925 Gallus
1009 862 1127 941 agebat,

236 944 327 1017 Quam
349 944 473 1004 Basilus.
518 943 594 1004 llara
616 947 644 1004 iu
664 947 743 1004 tenni
764 944 898 1007 facundia
920 965 1024 1025 parmo.
1175 953 1204 1006 ll

235 1026 356 1102 Quando
378 1026 447 1088 licet
469 1026 567 1087 Basilo
589 1028 705 1087 dentem
724 1027 888 1106 producere
909 1027 1049 1090 matrem?

235 1110 306 1184 Quis
326 1109 402 1170 bene
425 1112 569 1172 dicentem
591 1109 715 1170 Basilum
736 1108 833 1170 ierat?
855 1113 979 1191 accipiat
998 1121 1027 1171 te

235 1192 327 1254 Gallia
348 1194 398 1253 vel
419 1194 515 1272 potius
539 1193 678 1252 nutricula
703 1192 913 1255 causidicorum

234 1277 350 1353 Airita,
373 1278 398 1336 si
417 1277 526 1355 placuit
547 1275 715 1336 mercedem
736 1293 849 1355 ponere
869 1277 995 1355 linguae.
1202 1259 1204 1328 l

276 1359 450 1420 Declamare
472 1357 584 1419 doces?
603 1377 621 1419 o
644 1359 742 1420 ierrea
763 1367 885 1438 pectora
906 1360 996 1436 Vetti,
1178 1353 1204 1424 li

235 1444 328 1519 Quum
351 1444 466 1521 perimit
487 1459 594 1504 saevos
615 1443 719 1502 classis
741 1460 895 1503 numerosa
915 1444 1068 1518 tyrannos!

235 1526 306 1588 Nam
327 1544 528 1606 quaecumque
544 1526 651 1586 sedens
666 1526 751 1588 modo
769 1525 898 1603 legerat,
921 1527 995 1587 baec
1018 1527 1121 1587 eadem
1146 1525 1204 1588 stad

234 1611 369 1670 Perieret
389 1619 475 1688 atque
493 1610 594 1671 eadem
611 1609 737 1670 cantabit
759 1609 893 1670 versibus
916 1609 1022 1678 isdem:

235 1693 350 1754 Occidit
371 1695 494 1754 miseros
515 1694 632 1754 crambe
654 1695 778 1771 repetita
796 1694 961 1769 magistros.

235 1776 306 1849 Quis
330 1776 414 1837 color
436 1788 466 1837 et
487 1777 566 1854 quod
585 1778 622 1834 sit
638 1793 744 1835 causae
759 1793 852 1852 genus
867 1783 955 1855 atque
971 1775 1019 1836 nbi
1034 1794 1144 1836 summa
1174 1781 1204 1842 lii

235 1858 391 1938 Quaestio,
415 1878 489 1940 quae
508 1860 624 1919 veniant
646 1857 780 1918 diversae
802 1857 880 1917 iorte
900 1860 1035 1936 sagittae,

234 1941 330 2003 Nosse
352 1944 443 2003 velint
460 1959 578 2017 omues,
600 1941 764 2001 mercedem
786 1940 904 2000 solvere
925 1960 1081 2003 nemo.—

234 2025 400 2087 blercodem
423 2021 578 2126 appellas?
601 2024 669 2104 quid
691 2027 765 2085 euim
787 2021 927 2085 scio‘l-
885 2022 1041 2105 -Gulpa
1063 2026 1203 2094 docentisl

235 2110 355 2171 Scilicet
375 2111 519 2187 arguitur,
540 2110 618 2190 quod
640 2109 722 2170 laeva
746 2115 830 2184 parte
852 2108 996 2170 mamillae
1202 2095 1203 2190 l

234 2191 281 2252 Nil
304 2193 370 2253 salit
391 2192 567 2254 Arcadico
559 2193 670 2267 iuveni,
691 2193 770 2251 cuius
792 2189 859 2250 mibi
881 2201 964 2252 sexta
1173 2193 1202 2252 ld

236 2275 358 2356 Quaque
379 2277 425 2336 die
449 2279 584 2337 miserum
601 2276 678 2336 dirus
699 2283 786 2354 caput
804 2273 945 2337 Hannibal
967 2273 1082 2352 implet:

236 2358 379 2437 Quidquid
402 2359 511 2435 idest,
536 2360 571 2419 de
595 2375 651 2437 quo
673 2356 835 2434 deliberat,
860 2377 895 2419 an
915 2366 995 2437 petat
1017 2356 1120 2417 urbem

235 2442 262 2502 Α
284 2439 406 2518 Cannis,
429 2460 465 2502 an
486 2451 553 2521 post
574 2441 687 2501 nimbos
708 2450 737 2501 et
756 2440 872 2502 iulmiua
895 2450 995 2502 cautus

236 2523 419 2602 circumagat
437 2526 566 2586 madidas
588 2545 603 2586 a
625 2534 799 2603 tempestate
818 2526 965 2586 cobortes

236 2607 377 2682 Quantum
398 2609 442 2668 vis
464 2608 619 2688 stipulare,
645 2618 673 2668 et
693 2609 822 2687 protinus
845 2610 968 2689 accipe,
992 2609 1069 2687 quod
1092 2608 1142 2684 do,
1171 2615 1200 2668 itt

235 2691 273 2752 Ut
294 2694 381 2752 toties
399 2691 478 2752 illum
499 2701 584 2771 pater
606 2691 751 2752 audiat-
764 2690 837 2752 baec
858 2692 907 2753 alii
927 2711 981 2752 sex
1199 2699 1200 2722 ¹

235 2774 291 2835 Vel
313 2776 413 2854 plures
435 2793 491 2837 uuo
513 2775 693 2835 conclamant
714 2792 765 2834 ore
787 2776 936 2853 sophistae

235 2857 273 2918 Et
292 2877 378 2918 veras
399 2860 508 2937 agitant
530 2858 613 2934 lites,
636 2867 755 2937 raptore
779 2858 900 2932 relicto;

235 2940 311 3002 Fusa
332 2960 444 3003 venena
466 2943 570 3019 silent,
592 2940 684 3002 malus
703 2943 889 3021 ingratusque
910 2941 1039 3017 maritus,

235 3024 273 3086 lit
291 3044 364 3103 quae
387 3027 443 3087 iam
463 3035 583 3087 veteres
602 3034 702 3086 sanant
722 3026 857 3085 mortaria
879 3042 997 3085 caecos.
1168 3027 1198 3085 lit

235 3107 316 3186 Ergo
334 3109 389 3168 sibi
411 3109 490 3170 dabit
508 3111 573 3188 ipse
593 3109 709 3185 rudem,
731 3110 755 3167 si
777 3117 876 3169 nostra
893 3108 1051 3168 movebunt

1202 1187 1204 1224 l

145 3209 148 3214 ·
238 3189 383 3270 Consilia,
405 3202 433 3253 et
453 3195 531 3254 vitae
552 3194 696 3254 diversum
714 3194 771 3252 iter
794 3192 982 3269 ingredietur,

236 3274 282 3335 Ad
303 3293 427 3354 pugnam
449 3279 498 3358 qui
516 3277 661 3338 rlretorica
684 3276 835 3336 descendit
856 3275 892 3335 ab
914 3275 1024 3352 umbra,

238 3358 382 3422 Summula
403 3380 440 3422 ne
459 3371 579 3462 pereat,
603 3379 658 3440 qua
680 3361 746 3420 vilis
768 3367 883 3419 tessera
903 3359 982 3419 veuit

237 3439 397 3513 Frumenti:
418 3447 525 3525 qnippe
548 3445 622 3506 baec
643 3462 758 3504 merces
781 3442 948 3503 lautissima
988 3443 1123 3543 dempta,
1166 3419 1197 3500 iil

237 3523 446 3612 Chrysogonus
470 3531 566 3608 quanti
590 3530 694 3591 doceat
715 3526 763 3588 vel
781 3525 875 3586 Pollio
897 3528 995 3604 quanti
1195 3599 1196 3655 p
