2444 3984
196 260 238 320 40
537 266 573 314 0.
597 266 669 314 nnn.
695 265 883 314 1001500015

196 410 260 474 1105
283 408 427 470 laboranti
447 407 556 486 poterit
577 423 751 466 succurrere
775 405 870 466 lunae.

197 493 322 573 Imponit
345 491 431 551 linem
453 492 571 570 sapiens
596 499 625 550 et
647 488 736 549 rebus
758 489 904 557 bonestis;

196 577 270 638 Nam
292 587 368 655 quae
392 575 479 636 docta
499 575 583 634 nimis
606 575 686 652 cupit
707 581 736 633 et
757 572 881 634 facunda
902 571 1007 649 videri,
1136 581 1180 634 445
1207 585 1211 641 3

198 659 292 722 Grore
313 669 397 720 tenus
420 658 516 718 medio
538 658 652 718 tunicas
672 659 848 736 succingere
872 655 971 733 debet,
1208 670 1211 674 ·

198 743 332 806 (taedere
355 741 473 804 Silvano
496 759 633 820 porcum,
656 741 815 821 quadrante
837 741 938 802 lavari.

196 828 263 889 Non
284 825 391 888 babeat
411 834 558 902 matrona,
583 824 635 886 tibi
657 844 731 904 qnae
754 829 849 886 iuncta
873 822 1026 901 recumbit,

196 910 320 972 Dicendi
341 927 451 988 genus,
475 919 524 970 ant
546 927 664 970 curvum
686 923 820 970 sermone
843 917 939 970 rotato

197 996 346 1074 Torqueat
370 992 568 1069 enthymema,
592 1011 649 1054 nec
672 994 808 1055 historias
830 995 902 1054 55151
925 1009 1054 1060 omnes;v
1137 1001 1185 1052 450
1210 1023 1211 1030 1

197 1079 258 1140 Sed
281 1077 423 1157 quaedam
445 1095 483 1136 ex
504 1076 586 1138 libris
611 1086 641 1137 et
661 1094 719 1136 non
740 1077 901 1154 intellegat.
927 1075 981 1137 Odi

196 1162 278 1224 llanc
300 1178 377 1239 ego,
400 1178 476 1239 qnae
499 1162 606 1240 repetit
628 1161 780 1240 volvitque
803 1160 986 1222 Palaemonis
1010 1169 1111 1235 artem,
1211 1193 1212 1228 1

197 1248 320 1307 Servata
343 1262 460 1323 semper
483 1246 551 1323 lege
575 1254 605 1304 et
626 1246 738 1306 ratione
762 1245 913 1326 loquendi,

196 1330 379 1408 Ignotosqne
402 1329 469 1388 milri
492 1338 572 1390 tenet
594 1331 752 1409 antiquaria
775 1347 891 1404 versus,
1211 1387 1212 1396 ,

197 1413 264 1474 1155
292 1411 419 1474 curanda
437 1413 508 1474 viris
533 1416 639 1492 opicae
666 1416 791 1492 castigat
815 1415 928 1474 amicae
1135 1421 1184 1472 455
1211 1442 1212 1478 ς

197 1496 311 1558 Verba:
338 1496 544 1558 soloecismum
565 1498 655 1559 liceat
676 1497 786 1559 iecisse
799 1499 919 1570 marito.
1010 1495 1013 1502 “

238 1580 287 1641 Nil
307 1597 366 1640 non
386 1583 526 1659 permittit
546 1583 650 1643 mulier
672 1582 744 1658 sibi,
769 1593 854 1660 turpe
878 1591 958 1660 putat
983 1581 1033 1656 nil,

198 1664 292 1739 Quum
312 1665 420 1726 virides
443 1683 573 1741 gemmas
597 1666 676 1726 collo
700 1665 890 1727 circumdedit
914 1673 943 1725 et
969 1682 1054 1743 quum

197 1747 324 1808 Auribus
350 1751 480 1808 extensis
501 1765 622 1828 magnos
645 1752 789 1810 commisit
812 1749 962 1811 elenchos.
1211 1793 1212 1798 η

196 1830 412 1893 Intolerabilins
435 1832 507 1893 nibil
534 1843 594 1910 est,
619 1851 702 1911 05505
725 1833 830 1895 femina
852 1834 945 1895 dives.
1136 1840 1184 1894 460

196 1915 312 1976 Interea
334 1914 422 1977 loeda
445 1925 566 1996 aspectu
589 1917 767 1996 ridendaque
788 1917 877 1978 multo

197 1999 276 2060 Pane
300 2008 390 2061 tumet
412 2000 505 2062 iacies
527 2010 574 2063 ant
597 2003 715 2081 pinguia
737 2002 914 2082 Poppaeana

197 2081 312 2162 Spirat,
335 2094 364 2145 et
385 2084 452 2147 binc
473 2087 571 2147 miseri
591 2087 738 2147 niscantur
753 2086 842 2169 ,15105
863 2085 972 2146 mariti:

197 2167 243 2227 Ad
264 2169 417 2229 moechum
435 2170 494 2230 lota
515 2172 633 2230 veniunt
653 2181 729 2231 cute.
762 2170 882 2246 Quando
902 2168 994 2229 rideri

196 2250 265 2311 Vult
286 2251 416 2314 lormosa
435 2252 535 2314 domi?
566 2254 697 2314 moechis
721 2255 822 2314 foliata
844 2261 995 2332 parantum
1135 2261 1184 2316 405

196 2333 247 2393 1115
270 2336 389 2411 emitur,
413 2337 552 2414 quidquid
573 2337 703 2414 graciles
724 2338 780 2397 lrnc
802 2338 911 2396 mittitis
932 2335 1005 2396 lndi.

197 2417 325 2478 Tandem
346 2421 440 2496 aperit
459 2419 568 2480 vultum
590 2429 620 2480 et
641 2423 765 2482 tectoria
788 2422 879 2500 prima
900 2421 1033 2499 reponit:

196 2501 301 2579 Incipit
322 2504 460 2579 agnosci,
485 2511 573 2582 atque
596 2504 647 2564 illo
671 2504 747 2565 lacte
771 2505 898 2580 fovetur,

196 2585 322 2663 Propter
343 2586 422 2664 qnod
438 2605 539 2649 secum
555 2589 678 2648 comites
697 2590 795 2650 educit
817 2589 936 2666 asellas,

196 2668 272 2729 Exul
292 2668 516 2748 Hyperboreum
538 2673 563 2732 si
586 2673 741 2734 dimittatur
765 2674 801 2735 ad
822 2691 916 2735 axem.
1137 2681 1184 2736 470

197 2753 258 2812 Sed
283 2771 358 2832 qnae
383 2757 497 2817 mutatis
521 2758 664 2818 inducitur
690 2767 776 2837 atque
798 2757 917 2819 loretnr

196 2835 252 2898 Tot
273 2837 509 2901 medicaminibus
533 2851 696 2921 coctaeque
721 2843 842 2921 siliginis
865 2842 939 2902 ollas

196 2919 313 3000 Accipit
336 2931 365 2982 et
386 2924 537 3002 madidae,
562 2926 655 2986 155155
678 2927 792 2988 dicetur
814 2944 850 2986 an
871 2922 978 2987 ulcus?

238 3003 292 3065 llst
314 3009 438 3083 pretinm
460 3027 548 3069 cnrae
571 3011 686 3089 penitus
712 3027 913 3090 cognoscere,
935 3019 998 3070 1010

197 3087 272 3162 Quid
294 3087 400 3151 iaciant
422 3094 590 3172 agitentque
611 3095 669 3154 die.
706 3095 737 3154 Si
758 3103 845 3154 nocte
866 3095 984 3154 maritus
1135 3099 1184 3166 475

195 3172 328 3232 Aversus
349 3174 453 3251 lacuit,
475 3178 563 3254 periit
585 3177 719 3254 libraria,
742 3187 852 3256 ponunt
1174 3191 1175 3196 ’

197 3255 354 3317 Gosmetae
375 3260 505 3334 tunicas,
528 3260 611 3321 tarde
633 3262 752 3321 venisse
774 3260 915 3323 bibnrnns

195 3338 307 3399 Dicitur
329 3350 358 3400 51
379 3358 491 3419 poenas
512 3343 600 3404 alieni
622 3344 753 3422 pendere
777 3348 868 3406 somni

196 3420 333 3498 Cogitur:
362 3423 410 3483 bic
432 3424 539 3503 frangit
557 3428 682 3505 lernlus,
704 3428 790 3489 rubet
811 3431 862 3491 ille
884 3429 1015 3507 llagello,

196 3505 250 3565 llic
273 3505 397 3580 scutica;
420 3518 486 3569 sunt
507 3528 582 3589 qnae
605 3512 763 3574 tortoribus
784 3531 876 3575 annua
898 3521 1057 3592 praestent.
1134 3521 1183 3574 480
