2444 3984
416 261 541 310 SATIRA
562 261 608 308 VI.

24 404 194 480 Praecipuus
217 409 313 460 tamen
336 409 382 459 est
404 399 521 476 horum,
545 403 592 478 qui
614 401 732 478 saepius
754 401 832 479 exul,

24 484 118 566 [cuius
143 485 267 544 amicitia
294 483 540 561 conducendaque
562 481 673 544 'tabella

24 569 137 646 liagnus
160 569 231 628 civis
254 567 316 630 obit
338 574 368 626 et
390 566 557 628 formidatus
582 566 710 644 Othoni]

24 653 85 712 lnde
106 652 180 712 fides
205 653 292 726 artis,
318 653 414 711 sonuit
437 653 462 710 si
484 651 605 712 dextera
627 651 707 710 ierro
955 663 1006 717 560

24 737 187 816 Laetaque,
210 736 235 794 si
256 735 346 813 longo
369 743 529 795 castrorum
551 737 579 794 in
603 751 724 794 carcerc
746 736 858 794 mansit.

24 819 106 879 Nemo
130 818 349 880 mathematicus
373 820 489 897 genium
514 820 693 879 indemnatus
711 816 846 877 habebit:

24 904 75 964 Sed
95 905 145 983 qui
168 921 262 982 paene
287 903 380 983 perit,
402 905 448 962 cui
469 903 518 962 vix
540 905 568 962 in
593 901 721 977 Cyclada
745 903 817 961 mitti

24 985 145 1064 Contigit
166 997 198 1047 et
218 1005 308 1066 parva
330 987 444 1048 tandem
466 987 595 1047 caruisse
618 984 754 1063 Seripho,

24 1069 147 1130 Consulit
171 1072 311 1131 ictericae
333 1071 411 1131 lento
435 1071 472 1131 de
494 1070 597 1130 iunere
619 1070 727 1145 matris,
954 1079 1004 1132 565

24 1154 89 1214 hnte
111 1164 208 1214 tamen
232 1155 268 1214 de
291 1164 321 1214 te
342 1153 483 1233 Tanaquil
505 1163 571 1230 toa,
595 1153 709 1234 quando
735 1168 869 1211 sororem

24 1237 124 1297 Efferat
148 1247 179 1298 et
203 1247 339 1317 patruos,
362 1257 397 1298 an
420 1241 458 1298 sit
480 1239 608 1298 victurus
631 1236 746 1298 adulter

24 1321 83 1380 Post
103 1323 213 1400 ipsam;
238 1323 305 1401 quid
326 1323 401 1382 enim
423 1325 514 1384 maius
538 1323 607 1382 dare
628 1321 740 1380 numina
764 1317 906 1398 possunt?

56 1405 135 1466 llaec
157 1415 254 1466 tamen
276 1408 407 1484 ignorat,
432 1407 500 1485 quid
523 1406 602 1466 sidus
624 1405 707 1464 triste
731 1404 854 1463 minetur

24 1489 144 1567 Saturni,
171 1507 229 1569 quo
253 1490 329 1550 laeta
349 1489 449 1550 Venus
471 1509 504 1548 se
527 1489 659 1569 proferat
680 1495 771 1562 astro,
953 1498 1005 1552 570

24 1573 69 1644 Qui
89 1575 200 1634 mensis
225 1573 350 1650 damnis,
375 1592 449 1652 quae
472 1574 575 1633 dentur
595 1582 728 1650 tempora
750 1569 849 1636 lucro;

24 1653 92 1716 lllius
116 1675 261 1718 occursus
286 1659 371 1718 etiam
392 1659 486 1717 vitare
509 1665 665 1731 memento,

24 1737 48 1797 ln
69 1743 149 1801 cuius
175 1742 303 1802 manibus
326 1761 382 1802 ceu
404 1743 522 1820 pinguia
544 1743 663 1801 succina
685 1740 766 1798 tritas

24 1820 114 1884 Cernis
138 1825 360 1904 ephemeridas,
385 1844 460 1904 quae
485 1826 592 1885 nullum
615 1823 740 1884 consulit
764 1830 793 1881 et
816 1825 870 1883 iam

25 1903 196 1986 demolitur,
225 1928 298 1988 quae
322 1919 417 1971 castra
439 1911 502 1969 viro
527 1911 705 1988 patriamque
730 1913 849 1985 petente
951 1915 1003 1970 575

24 1987 79 2050 llon
98 1992 151 2053 ibit
177 1995 303 2070 pariter,
330 1995 457 2054 numeris
479 2001 618 2054 reuocata
641 1988 797 2064 Thrasylli.

26 2073 61 2134 hd
82 2079 203 2154 primum
226 2077 352 2157 lapidem
373 2080 484 2139 vectari
507 2095 591 2156 quum
614 2076 729 2155 placet,
754 2071 826 2132 hora

26 2157 137 2219 Sumitur
165 2179 203 2220 ex
224 2160 315 2230 libro;
339 2162 364 2220 si
387 2163 479 2240 prurit
497 2162 598 2221 frictus
622 2158 711 2218 ocelli

28 2239 161 2321 lngulus,
184 2245 317 2323 inspecta
338 2246 442 2322 genesi
466 2246 587 2320 collyria
610 2245 715 2322 poscit.

28 2323 110 2402 legra
132 2328 336 2405 licet'iaccat,
365 2327 509 2406 capiendo
530 2327 608 2388 nulla
629 2327 744 2386 videtur
952 2335 1005 2388 580

28 2407 117 2485 lptior
141 2411 215 2472 hora
241 2411 322 2488 cibo,
346 2413 402 2472 nisi
425 2431 509 2490 quam
532 2412 647 2472 dederit
671 2409 821 2470 Petosiris.

27 2491 51 2550 si
69 2496 223 2555 mediocris
246 2496 318 2571 erit,
342 2497 466 2575 spatium
488 2494 620 2556 lustrabit
640 2495 783 2571 utrimque

27 2571 153 2639 lletarum
175 2589 205 2640 et
230 2575 326 2640 sortes
350 2579 437 2640 ducet
458 2579 642 2657 frontemque
664 2593 836 2654 manumque

29 2655 169 2722 Praebebit
189 2665 248 2724 rati
270 2663 404 2723 crebrum
426 2681 590 2742 poppysma
611 2663 735 2738 roganti.

30 2737 156 2804 Divitibus
174 2747 325 2825 'responsa
348 2747 456 2808 dabunt
477 2747 574 2823 Phryx
596 2753 737 2823 auguret
760 2740 857 2815 lndus,
952 2750 1004 2803 585

31 2820 181 2889 conductus
206 2829 285 2890 dabit
308 2840 448 2892 astrorum
471 2831 625 2909 mundique
646 2829 767 2907 peritus,

31 2905 109 2986 itque
133 2913 238 2993 aliquis
260 2915 375 2990 senior,
400 2916 449 2994 qui
473 2914 589 2992 publica
613 2912 727 2988 fulgura
749 2907 861 2967 condit:

32 2987 161 3056 Plebeium
181 2998 210 3056 in
234 2997 313 3057 circo
337 3000 461 3077 positum
483 3005 578 3057 estet
600 2997 628 3054 in
649 3010 760 3072 aggere
783 2991 882 3052 iatum.

33 3070 98 3142 Quae
117 3081 199 3140 nudis
221 3080 339 3158 longum
362 3083 488 3142 ostendit
509 3079 675 3141 cervicibus
697 3095 815 3152 armum,

34 3152 147 3223 Consulit
169 3172 235 3223 ante
256 3163 330 3225 falas
354 3165 612 3244 delphinorumque
636 3163 796 3236 columnas,
952 3168 1004 3222 590

35 3237 69 3298 dn
87 3262 151 3322 saga
174 3247 311 3308 vendenti
334 3248 437 3326 nubat,
462 3265 594 3328 caupone
620 3247 737 3307 relicto.

67 3322 118 3386 llae
139 3339 235 3390 tamen
258 3340 288 3390 et
311 3341 413 3410 partus·
433 3331 557 3391 subeunt
581 3331 738 3390 discrimen
760 3336 788 3386 et
811 3343 910 3385 omnes

38 3400 142 3470 Nutricis
165 3413 291 3474 tolerant
311 3414 426 3476 fortuna
447 3423 569 3492 urgente
591 3413 724 3476 labores:

37 3485 82 3549 Sed
100 3493 172 3556 iacet
193 3506 293 3557 aurato
319 3498 448 3559 visulla
471 3514 617 3576 puerpera
640 3494 730 3554 lecto.
