2438 3994
537 294 572 340 Ι).
594 293 665 340 tunt.
687 290 872 339 tttvttrtnhts

497 645 537 736 lt.
564 642 672 736 lllhll
697 638 919 733 llllldhlll

618 823 796 901 nonnius

382 958 1027 1070 SdTllldllUlll

573 1153 674 1217 LIBER
692 1153 845 1220 TERTIUS.

614 1342 793 1350 ——--—

531 1459 765 1524 SATIRA
806 1458 881 1522 Vll.

147 1624 150 1632 ·
213 1554 257 1650 Et
279 1606 349 1667 spes
369 1597 398 1649 et
420 1590 493 1649 ratio
515 1590 673 1650 studiorum
695 1590 723 1648 in
745 1586 874 1650 caesare
892 1595 1013 1648 tautum:

213 1673 300 1735 solus
321 1674 395 1732 euim
417 1674 516 1732 tristes
538 1673 593 1733 hac
615 1681 789 1752 tempestate
813 1671 954 1732 Camenas

213 1757 370 1833 Respexit,
394 1774 479 1834 quum
498 1758 553 1816 iam
575 1756 714 1817 celebres
734 1757 852 1834 notique
874 1763 982 1833 poetae

212 1838 382 1903 Balneolum
403 1838 517 1916 Gabiis,
540 1838 650 1900 llomae
671 1840 836 1900 conducere
858 1838 959 1899 furnos
1203 1892 1209 1920 3,

212 1924 415 2001 Temptarent,
438 1941 493 1984 neu
515 1923 632 1985 foedum
650 1924 699 1984 alii
721 1942 777 1984 nec
799 1934 884 2002 turpe
907 1931 1042 2002 putarent
1182 1933 1194 1984 t

212 2009 377 2070 Praedones
399 2008 476 2078 lieri;
500 2026 586 2088 quum
607 2009 732 2068 desertis
753 2009 922 2086 Aganippes

210 2089 342 2152 Vallibus
363 2093 495 2152 esuriens
515 2093 653 2169 migraret
675 2094 704 2152 in
724 2094 795 2153 atria
816 2088 891 2151 Glio.

210 2176 281 2237 Nam
304 2176 329 2233 si
351 2174 444 2236 Pieria
467 2177 610 2256 quadrans
630 2176 682 2236 tibi
704 2176 800 2236 nullus
822 2177 850 2235 in
872 2173 970 2234 umbra

212 2257 403 2336 Ostendatur,
426 2277 505 2320 ames
526 2277 632 2320 nomen
652 2262 818 2337 victumque
839 2257 1012 2319 Machaerae

210 2342 248 2404 Et
269 2342 379 2402 vendas
399 2344 512 2421 potius,
536 2344 688 2404 commissa
709 2343 788 2423 quod
813 2343 908 2403 auctio
929 2341 1028 2401 vendit
1169 2357 1206 2406 ro:

211 2425 376 2501 stantibus,
399 2425 616 2504 oenophorum,
638 2427 788 2505 tripodes,
811 2427 948 2500 armaria,
972 2425 1073 2501 cistas,

210 2509 368 2569 Alcithoen
388 2508 493 2584 Pacci,
517 2509 634 2570 Thebas
657 2520 687 2570 et
709 2510 804 2570 Terea
826 2507 946 2570 Fausti

211 2592 273 2654 lloc
296 2593 402 2669 satius,
426 2611 509 2672 quam
532 2595 557 2653 si
578 2593 658 2654 dicas
680 2594 734 2654 sub
755 2594 867 2667 iudice,
890 2593 959 2669 vidi,

211 2676 296 2752 Quod
317 2693 375 2736 non
394 2678 505 2745 vidisti;
528 2677 635 2738 faciant
658 2680 771 2758 equites
794 2678 907 2752 Bithyni

210 2759 387 2840 Quemquam
410 2770 440 2821 et
461 2758 655 2841 Cappadoces
676 2763 782 2823 iaciant
805 2762 977 2840 equitesque
998 2759 1114 2840 Asiani,
1168 2771 1193 2824 tt

209 2844 311 2905 Altera
335 2862 408 2924 quos
430 2845 506 2905 nudo
528 2847 652 2907 traducit
672 2845 764 2907 Gallia
783 2845 854 2905 talo.

207 2928 301 2989 Nemo
323 2939 419 2989 tamen
440 2930 542 2990 studiis
563 2931 709 3008 indignum
732 2930 811 2990 ierne
834 2929 966 2990 laborem

210 3011 339 3090 Cogetur
361 3013 500 3092 posthac,
523 3014 612 3074 nectit
634 3014 806 3092 quicumque
830 3013 944 3073 cencris

207 3094 362 3175 Eloquium
384 3097 489 3157 vocale
512 3096 606 3157 modis
623 3095 792 3174 laurumque
812 3096 974 3158 momordit.

207 3179 271 3239 lloc
291 3181 384 3257 agite,
408 3197 425 3239 c
445 3180 581 3240 iuvenes!
605 3180 802 3257 circumspicit
824 3189 853 3240 et
875 3181 1001 3240 stimulat
1024 3195 1082 3238 vos
1164 3188 1193 3239 to

207 3261 416 3342 Materiemque
436 3262 490 3322 sibi
511 3262 592 3322 ducis
616 3263 793 3340 indulgentia
817 3265 939 3344 quaerit.

207 3346 238 3405 Si
261 3363 317 3424 qua
339 3345 455 3406 aliunde
477 3354 562 3423 putas
583 3365 679 3406 rerum
702 3347 899 3425 exspectanda
921 3357 1030 3408 tuarum

206 3427 355 3488 Praesidia
377 3437 464 3507 atque
486 3429 552 3489 ideo
576 3447 700 3491 croceae
718 3423 881 3492 membraiha
902 3431 1031 3491 tabellae

206 3509 360 3588 lmpletur,
383 3510 526 3590 lignorum
548 3513 653 3593 aliquid
677 3529 769 3594 posce
790 3517 871 3575 ocius
895 3523 925 3574 et
946 3532 1020 3594 quae
