2444 3984
189 253 192 257 ’
224 277 265 340 26
553 288 588 335 1).
611 287 681 334 mu.
706 285 892 334 uuvnnuurs

224 429 340 489 Instruit
362 445 434 506 ergo
457 424 553 486 locum
574 426 739 504 provincia:
764 427 883 486 sumitur
903 426 983 486 illinc

224 512 309 587 Quod
334 520 466 590 captator
486 519 561 571 emat
575 510 696 585 Laenas,
710 508 828 570 Aurelia
851 510 967 570 vendat.

222 595 340 655 Virroni
360 613 495 655 muraena
518 593 618 670 datur,
646 611 721 672 quae
742 594 864 652 maxima
885 595 964 652 venit

223 678 342 756 Gurgite
365 679 402 740 de
423 677 538 745 Siculo:
563 696 627 738 uam
649 678 714 736 dum
738 694 771 736 se
793 677 922 736 continet
946 676 1064 752 Auster,
1168 688 1203 740 tot

173 829 177 836 ,
223 763 296 823 Dum
320 762 405 822 sedet
428 771 457 822 et
479 763 570 821 siccat
591 761 719 820 madidas
740 761 768 819 in
791 778 913 820 carcere
937 761 1048 838 pinnas,

223 845 414 906 Contemnunt
436 846 559 905 mediam
579 845 733 904 temeraria
756 844 813 904 lina
836 842 1023 919 Charybdim:

221 927 286 990 Vos
307 929 432 1007 anguilla
456 937 551 988 manet
572 927 679 1004 longae
702 936 825 1004 cognata
849 927 1000 1003 colubrae,

223 1013 281 1073 Aut
303 1013 400 1090 glaeie
422 1029 559 1090 aspersus
583 1010 704 1070 maculis
726 1009 879 1071 Tiberinus
904 1013 1017 1090 etipse

222 1096 351 1156 Vernula
373 1096 514 1174 riparum,
539 1095 654 1173 pinguis
682 1103 812 1154 torrente
835 1094 937 1155 cloaca

222 1180 260 1241 Et
283 1179 386 1240 solitus
408 1178 522 1239 mediae
547 1187 679 1256 cryptam
701 1175 857 1255 penetrare
882 1178 1025 1238 Suburae.

265 1264 324 1342 lpsi
350 1281 443 1342 pauca
463 1261 566 1338 velim,
590 1261 707 1321 facilem
731 1263 754 1320 si
776 1261 919 1340 praebeat
942 1279 1054 1322 aurem:

222 1347 314 1408 Nemo
338 1347 425 1426 petit,
448 1345 570 1406 modicis
594 1363 669 1424 quae
693 1344 878 1405 mittebantur
899 1347 998 1406 amicis

222 1432 248 1491 Α
272 1432 404 1506 Seneca,
429 1447 504 1509 quae
527 1429 594 1490 Piso
618 1429 726 1505 bonus,
751 1447 826 1508 quae
850 1426 936 1489 Gotta
959 1428 1077 1489 solebat

222 1515 349 1593 Largiri;
375 1531 498 1592 namque
523 1523 553 1573 et
574 1513 662 1573 titulis
686 1522 716 1572 et
736 1512 865 1572 fascibus
890 1514 956 1572 olim

222 1599 315 1659 Maior
337 1597 498 1658 habebatur
519 1597 643 1657 donandi
669 1596 778 1673 gloria:
803 1596 896 1656 solum

218 1680 389 1757 Posuimus,
412 1690 441 1739 ut
465 1697 575 1739 coenes
598 1680 736 1746 civiliter3
782 1678 840 1739 boc
862 1680 928 1739 lace
953 1688 986 1739 et.
1005 1686 1081 1755 esto,

223 1765 311 1842 Esto,
335 1773 365 1823 ut
387 1781 463 1823 nunc
483 1762 580 1838 multi,
604 1761 686 1822 dives
708 1762 775 1837 tibi,
798 1780 913 1842 pauper
937 1762 1052 1823 amicis!

265 1848 387 1909 Anseris
412 1855 478 1906 aute
501 1847 594 1925 ipsum
614 1848 710 1923 magni
733 1847 830 1922 ieeur,
855 1846 1006 1907 anseribus
1029 1864 1082 1924 par

225 1933 321 1994 Altilis
345 1941 375 1991 et
396 1931 462 1991 davi
484 1930 586 2009 dignus
608 1929 688 1990 ferro
711 1929 853 2007 Meleagri

223 2017 323 2078 Fumat
343 2034 430 2094 aper;
454 2024 522 2092 post
545 2013 620 2074 bunc
643 2015 792 2074 tradentur
815 2014 935 2091 tubera,
957 2016 982 2073 si
1003 2032 1057 2073 ver

224 2101 305 2162 'lunc
328 2101 384 2160 erit
419 2107 449 2158 et
479 2098 586 2159 lacient
608 2107 706 2176 optata
728 2099 852 2160 tonitrua
878 2117 985 2159 coenas

223 2185 360 2245 blaiores.
405 2181 470 2242 'l'ibi
492 2182 568 2242 habe
591 2183 778 2258 frumentum,
803 2182 937 2243 Alledius
960 2183 1060 2259 inquit,

224 2267 247 2328 0
268 2267 372 2342 Libye;
397 2266 529 2343 disiunge
553 2265 665 2341 bones,
689 2266 754 2325 dum
776 2266 879 2326 tubera
903 2264 1069 2326 mittas!-

223 2353 404 2411 Structonem
428 2350 555 2424 interea,
579 2366 615 2407 ue
638 2367 693 2427 qua
717 2349 874 2427 indignatio
897 2349 983 2426 desit,

223 2435 381 2495 Saltantem
403 2441 522 2510 spectes
542 2441 572 2491 et
592 2432 809 2493 chironomunta
831 2433 939 2492 volanti

224 2516 374 2593 Cultello,
400 2516 495 2576 donec
518 2525 640 2594 peragat
662 2517 768 2576 dictata
789 2517 919 2594 magistri

112 2631 125 2672 ‚·
223 2601 340 2669 Omnia;
362 2618 418 2659 nec
439 2601 555 2660 minimo
578 2618 648 2662 sane
670 2600 835 2660 discrimine
855 2599 958 2675 relect,

222 2684 288 2759 Quo
309 2693 395 2762 gestu
417 2683 537 2762 lepores
561 2693 590 2743 et
613 2701 669 2762 quo
691 2683 800 2761 gallina
822 2691 948 2743 secetur.

222 2768 347 2828 Duceris
370 2768 484 2847 planta,
506 2767 586 2828 velut
609 2769 684 2827 ictus
706 2767 743 2827 ab
761 2766 889 2827 Hercule
913 2762 1021 2841 Cacus,
1160 2773 1199 2827 lit

222 2852 260 2912 Et
281 2868 393 2930 ponere
415 2852 503 2927 loris,
532 2841 645 2930 siquid
670 2853 857 2928 temptaveris
881 2867 1014 2928 umquam

221 2935 359 3013 Hiscere,
382 2946 525 3015 tamquam
546 2935 656 2996 habeas
680 2936 733 2994 tria
754 2935 876 2993 nomina.
922 2932 1043 3007 Quando
1066 2933 1190 3011 propinat

222 3019 308 3079 Virro
331 3020 382 3079 tibi
408 3021 529 3080 sumitve
552 3020 608 3078 tuis
633 3027 764 3076 contacta
785 3016 901 3077 labellis

222 3100 353 3164 Pocula?
377 3106 440 3182 quis
461 3111 589 3161 vestrum
612 3103 785 3160 temerarius
806 3119 899 3178 usque
921 3100 1013 3178 adeo,
1037 3103 1099 3180 quis

222 3187 372 3262 Perditus‚
398 3195 428 3245 ut
450 3186 526 3246 dicat
549 3185 628 3262 regi:
652 3181 742 3243 bibe?
787 3181 909 3244 Plurima
930 3193 1010 3262 sunt,
1036 3203 1110 3262 quae
1157 3191 1204 3247 lib

222 3270 288 3329 Non
309 3270 416 3330 audent
438 3267 570 3327 homines
591 3277 710 3346 pertusa
733 3269 832 3328 dicere
854 3268 955 3337 laena;

223 3353 439 3428 Quadringenta
459 3351 510 3410 tibi
533 3353 558 3410 si
582 3353 645 3430 quis
668 3350 739 3412 deus
762 3360 810 3412 aut
832 3352 932 3412 similis
954 3351 997 3412 dis

222 3435 260 3494 Et
282 3433 386 3493 melior
410 3433 476 3494 latis
498 3433 620 3495 donaret
638 3435 807 3512 homuncio,
835 3445 959 3516 quantus

222 3517 268 3577 Ex
292 3516 399 3594 nihilo,
424 3527 544 3596 quantus
570 3520 656 3579 lieres
679 3519 811 3579 Virronis
836 3518 959 3579 amicus!

223 3599 267 3660 Da
290 3599 411 3662 Trebio!
435 3618 512 3677 pone
534 3604 569 3664 ad
591 3603 740 3664 Trebium!
762 3604 806 3663 vis
829 3602 919 3662 irater
938 3601 974 3660 ab
995 3601 1066 3679 ipsis
1158 3608 1196 3662 lli
