2438 3994
407 283 531 331 suumn
553 286 587 332 X.

16 426 52 485 Ut
73 425 174 503 pueris
199 424 319 502 placeas
342 432 371 482 et
394 424 566 483 declamatio
589 425 657 484 lias!

14 509 94 568 Unus
117 505 239 567 Pellaeo
261 508 357 566 iuveni
381 524 439 566 non
460 507 567 566 sullicit
590 509 685 579 orbis;
731 543 733 550 ,

15 593 140 651 Aestuat
159 590 261 650 infelix
283 599 405 668 angusto
425 590 514 650 limite
538 591 643 667 mundi,

15 675 52 736 Ut
78 675 167 750 Gyari
191 673 307 734 clausus
330 674 460 753 scopulis
482 693 631 754 parvaque
655 677 796 755 Seripho:
952 688 1002 742 170

17 759 110 832 Quum
135 766 231 819 tamen
255 776 271 818 a
298 757 394 835 ligulis
416 759 548 818 munitam
572 760 721 819 intraverit
743 759 853 837 urbem,

17 842 208 920 Sarcophago
231 850 384 901 contentus
409 843 472 901 erit.
505 840 585 901 blors
605 842 669 903 sola
690 843 806 923 latetur,

17 925 159 999 Quantula
186 926 242 984 sint
264 926 407 986 hominum
430 926 613 1003 corpuscula.
651 924 785 988 Creditur
807 927 875 987 olim

16 1009 187 1069 Velilicatus
209 1008 302 1068 Athos
326 1018 355 1068 et
377 1008 515 1087 quidquid
539 1008 661 1070 Graecia
683 1011 807 1071 mendax

18 1093 111 1153 Audet
133 1093 162 1152 in
184 1091 319 1168 historia,
342 1101 518 1155 constratum
540 1093 683 1153 classibus
705 1095 797 1155 isdem
951 1105 1002 1158 175

18 1177 261 1256 Suppositumque
283 1177 355 1236 rotis
379 1176 502 1237 solidum
525 1194 620 1246 mare;
649 1178 795 1238 eredimus
817 1180 892 1238 altos

18 1259 172 1321 llelecisse
195 1269 294 1320 amnes
318 1270 464 1340 epotaque
487 1260 601 1321 flumina
626 1260 714 1322 bledo

19 1343 194 1420 Prandente,
219 1353 248 1404 et
273 1345 395 1405 madidis
422 1353 516 1404 cantat
539 1362 614 1424 quae
640 1346 788 1405 Sostratus
811 1345 873 1408 alis.

18 1427 68 1488 lile
91 1437 187 1488 tamen
210 1428 303 1507 qualis
327 1428 412 1488 rediit
435 1427 579 1488 Salamine
601 1427 715 1504 relicte,

19 1510 46 1570 ln
74 1509 182 1571 Gorum
204 1522 290 1589 atque
315 1510 422 1572 Eurum
448 1511 551 1571 solitus
574 1513 688 1572 saevire
714 1512 840 1590 flagellis
949 1524 1000 1577 180

19 1594 175 1671 barbarus,
200 1595 306 1655 Aeolio
332 1613 483 1674 numquam
507 1595 616 1655 hocin
640 1614 762 1656 carcere
787 1614 904 1674 passos,

20 1677 111 1755 Ipsum
134 1678 323 1757 compedibus
345 1681 393 1758 qui
416 1680 549 1740 vinxerat
570 1676 806 1758 Ennosigaeum?

22 1759 110 1822 llitius
136 1761 165 1822 id
188 1781 274 1831 sane;
299 1760 387 1842 quidl
412 1780 469 1822 non
495 1773 524 1823 et
547 1765 680 1840 stigmate
705 1764 820 1841 dignum

23 1843 167 1907 Credidit?
189 1846 255 1906 huic
282 1849 434 1925 quisquam
454 1846 547 1907 vellet
570 1849 683 1907 servire
705 1845 849 1908 deorum?

23 1927 75 1990 Sed
98 1931 193 2008 qualis
214 1928 322 1991 rediit?
347 1949 452 2009 nempe
475 1949 530 1991 una
553 1948 642 2008 nave,
671 1932 798 1991 cruentis
949 1943 998 1997 185

23 2011 164 2073 Fluctibus
188 2031 223 2073 ac
248 2015 330 2076 tarda
351 2033 405 2093 per
428 2014 518 2075 densa
542 2014 685 2075 cadavera
710 2030 808 2093 prora.

24 2095 74 2156 llas
92 2098 180 2158 toties
199 2107 298 2176 optata
323 2099 422 2176 exegit
442 2099 538 2176 gloria
562 2098 691 2176 poenas!

57 2180 99 2240 lla
118 2182 241 2260 spatium
262 2183 355 2258 uitae,
384 2182 490 2243 multos
517 2182 570 2259 da,
594 2181 744 2260 luppiter,
767 2180 872 2242 annos!

25 2263 79 2323 lloc
99 2273 182 2324 recto
205 2265 301 2341 vultu,
331 2267 424 2328 solum
446 2266 503 2326 hoc
526 2275 555 2324 et
576 2264 702 2344 pallidus
725 2275 819 2345 optas.

27 2349 76 2408 Sed
103 2366 187 2427 quam
210 2350 353 2410 continuis
377 2358 418 2408 et'
433 2350 544 2428 quantis
567 2348 655 2426 longa
678 2358 815 2410 senectus
951 2359 1001 2413 190

27 2428 103 2492 Plena
123 2432 221 2493 malis!
244 2432 405 2493 deformem
426 2441 456 2493 et
476 2442 580 2493 tetrum
602 2442 668 2494 ante
693 2434 786 2494 omnia
808 2432 916 2493 vultum

26 2512 250 2594 dissimilemque
276 2518 336 2592 sui,
360 2516 520 2577 deformem
547 2533 601 2595 pro
628 2527 694 2577 cute
718 2517 827 2596 pellem

26 2597 237 2679 Pendentesque
256 2619 348 2678 genas
370 2609 400 2660 et
425 2600 502 2661 tales
523 2600 623 2678 aspice
648 2619 748 2678 rugas,

27 2681 142 2760 Quales,
170 2682 344 2744 umbriferos
367 2683 416 2743 ubi
439 2683 537 2763 pandit
560 2682 711 2745 Thabraca
734 2683 834 2760 saltus,

27 2764 51 2825 ln
73 2767 168 2828 vetula
195 2768 300 2847 scalpit
322 2769 378 2828 iam
398 2777 491 2827 mater
513 2767 595 2827 simia
617 2766 719 2825 bucca.
950 2777 1000 2831 195

28 2848 137 2911 Plurima
159 2859 224 2910 sunt
248 2853 382 2911 iuvenum
409 2851 587 2918 discrimina;
613 2848 762 2928 pulchrior
783 2849 833 2908 ille

28 2932 94 3011 lloc,
118 2943 205 3013 atque
227 2934 278 2994 ille
298 2935 374 3011 alio,
395 2935 512 2994 multum
535 2934 583 2994 hic
605 2932 752 2992 robustior
774 2931 841 2992 illo:

28 3015 79 3078 Una
99 3036 199 3078 senum
222 3017 330 3095 iacies,
355 3037 418 3078 cum
444 3035 519 3078 voce
544 3017 697 3076 trementia
719 3013 847 3075 membra

29 3099 58 3160 lt
75 3103 128 3162 iam
150 3103 219 3163 leve
243 3113 329 3181 caput
350 3102 514 3181 madidique
538 3101 655 3162 infantie
678 3100 749 3160 nasi.

30 3182 204 3264 Frangendus
225 3187 331 3246 misero
353 3187 471 3264 gingiva
493 3187 575 3264 panis
596 3185 712 3245 inermi:
949 3194 1000 3245 20⁰

31 3265 115 3348 Usque
139 3269 213 3330 adeo
237 3271 335 3347 grauis
358 3271 442 3330 uxori
467 3271 599 3348 natisque
622 3268 746 3347 sibique,

31 3349 59 3410 Ut
77 3355 216 3432 captatori
239 3363 355 3414 moveat
379 3353 492 3415 fastidia
516 3351 621 3412 Gosso.

31 3431 82 3494 llon
106 3438 207 3498 eadem
233 3439 291 3497 vini
314 3447 402 3517 atque
421 3436 502 3513 cibi,
524 3445 659 3516 torpente
685 3436 794 3514 palato,

32 3515 138 3590 (laudim
168 3539 232 3581 nam
259 3523 352 3582 coitus
375 3524 430 3582 iam
455 3521 543 3598 longa
569 3520 697 3595 oblivio,
721 3519 769 3578 vel
795 3516 818 3576 si
