2444 3984
423 289 548 338 sauma
568 292 601 338 v.
963 281 1002 341 25

11 428 137 488 Frivola.
185 428 271 503 Quod
293 447 379 507 quum
401 429 439 489 ita
461 431 514 504 sit,
539 439 568 489 tu
591 417 741 490 Gaetulum
766 428 961 506 Ganymedem

12 512 153 590 Respice,
178 531 264 592 quum
284 513 376 572 sities.
421 511 523 572 Neseit
543 522 586 572 tot
617 513 732 574 milibus
756 523 870 593 emptus
969 528 1004 580 60

11 595 191 673 Pauperibus
214 597 338 656 miseere
362 614 449 675 puer:
472 597 526 656 sed
549 597 659 674 ferma,
683 596 736 657 sed
759 607 839 658 aetas

12 679 104 755 Digna
129 679 304 756 supereilio;
332 680 446 759 quando
471 680 507 740 ad
531 689 559 739 te
584 682 718 758 pervenit
740 678 814 740 ille?

11 761 133 834 Quando
156 771 277 840 rogatus
298 763 382 823 adest
405 763 517 823 ualidae
540 763 716 843 gelidaeque
736 763 888 824 minister?

13 846 129 923 Quippe
151 845 315 924 indignatur
338 848 432 906 veteri
455 864 562 925 parere
585 847 695 923 clienti,

12 927 155 1008 Quodque
178 930 286 1009 aliquid
308 946 431 1008 poscas,
455 938 485 989 et
505 931 584 1009 quod
607 949 639 991 se
663 940 757 992 stante
780 932 944 994 recumbas.
968 945 1002 998 65

14 1011 133 1072 llaxima
156 1031 289 1092 quaeque
313 1013 414 1073 domus
437 1015 532 1073 serris
555 1023 601 1074 est
624 1015 710 1094 plena
733 1016 878 1094 superbis.

13 1094 92 1156 ane
113 1095 186 1156 alius
210 1102 316 1175 quanto
341 1097 475 1175 porrexit
496 1116 639 1158 murmure
664 1117 767 1176 panem

12 1179 66 1239 Vix
88 1179 227 1256 fractum,
251 1180 364 1241 solidae
387 1182 442 1240 iam
465 1182 578 1242 mucida
600 1182 691 1243 frusta
712 1183 834 1260 tarinae,

13 1261 93 1336 Quae
114 1265 270 1340 genuinum
294 1266 420 1342 agitent,
444 1281 502 1323 non
524 1265 702 1326 admittentia
726 1284 868 1327 morsum:

13 1347 69 1406 Sed
93 1356 178 1407 tener
199 1357 229 1409 et
250 1349 354 1408 niveus
376 1347 516 1427 mollique
539 1348 652 1425 siligine
676 1350 770 1409 iaetus
969 1361 1003 1414 70

13 1430 149 1491 Servatur
173 1430 299 1492 domino.
343 1431 482 1492 Dextram
505 1431 645 1492 cohibere
668 1441 831 1502 memento;

13 1514 97 1574 Salva
119 1514 156 1574 sit
178 1525 312 1594 artoptae
334 1514 516 1575 reverentia!
544 1515 622 1592 linge
644 1525 740 1576 tamen
763 1525 792 1576 te

12 1597 224 1676 lmprobulum,
249 1608 385 1678 superest
408 1599 469 1660 illio
489 1600 537 1677 qui
561 1617 673 1677 ponere
694 1608 799 1676 negat:

14 1681 61 1740 Vis
85 1691 113 1742 tu
135 1684 283 1743 eonsuetis
305 1683 399 1744 audax
424 1684 547 1745 conviva
569 1684 702 1744 eanistris

15 1764 126 1843 impleri
151 1768 294 1847 panisque
316 1768 356 1827 tui
378 1769 497 1827 novisse
523 1763 731 1827 coloreml—
967 1776 1000 1831 te
1069 1819 1071 1822 .

15 1849 130 1909 Seilieet
150 1850 208 1910 boe
230 1851 345 1927 iuerat,
368 1860 491 1930 propter
515 1852 593 1929 quod
617 1869 708 1929 saepe
730 1851 833 1911 reliota

17 1929 142 2010 Coniuge
165 1952 220 2013 per
241 1943 368 1994 montem
392 1935 546 1995 adversum
567 1933 741 2013 gelidasque
764 1937 878 1995 oueurri

17 2014 173 2094 Esquilias,
196 2019 337 2078 lremeret
359 2037 448 2078 saeva
471 2036 557 2097 quum
578 2018 720 2094 grandine
741 2035 849 2077 vernus

18 2102 139 2178 luppiter
161 2101 302 2162 etmulto
326 2101 596 2180 stillaret'paenula
618 2099 784 2160 nimbo!—

19 2185 137 2262 Aspice,
160 2203 245 2266 quam
268 2185 359 2263 lenge
382 2185 527 2247 distendat
550 2193 673 2263 pectore
696 2184 821 2260 lancem,
966 2195 1002 2246 80

20 2267 92 2340 Quae
114 2268 207 2331 lertur
230 2269 346 2330 domiuo
369 2269 491 2348 squilla,
519 2277 548 2329 et
571 2267 676 2348 quibus
698 2268 825 2347 undique
848 2275 931 2346 septa

20 2350 186 2430 Asparagis,
212 2371 268 2432 qua
289 2353 435 2432 despieiat
455 2354 588 2412 convivia
611 2351 713 2428 eauda,

18 2433 82 2496 Dum
111 2439 191 2498 venit
227 2437 340 2497 excelsi
365 2435 495 2496 manibus
517 2435 631 2496 sublata
653 2437 789 2496 ministri:

21 2518 71 2578 Sed
91 2519 141 2579 tibi
164 2520 281 2580 dimidio
307 2521 482 2580 eonstriotus
505 2538 665 2581 cammarus
688 2537 745 2580 ovo

21 2600 127 2662 Ponitur
149 2605 256 2681 exigua
278 2604 379 2664 feralis
404 2621 498 2663 coena
519 2603 639 2682 patella.
910 2627 916 2638 ·
965 2610 1001 2663 85
1102 2669 1111 2684 .

22 2682 80 2762 lpse
101 2687 268 2748 Venafrano
291 2688 404 2766 piseem
425 2687 586 2766 perfundit:
611 2696 640 2746 at
661 2686 724 2759 hio,
747 2687 794 2762 qui

22 2766 136 2831 Pallidus
159 2772 279 2832 all'ertur
299 2772 407 2831 misero
430 2770 481 2830 tibi
504 2770 614 2844 naulis,
641 2767 733 2828 olebit

22 2849 193 2924 Lanternam;
217 2855 287 2917 illud
312 2857 388 2915 enim
411 2855 517 2915 vestris
539 2854 622 2914 datur
645 2851 787 2927 alveolis,
810 2850 887 2930 quod
977 2849 984 2856 ’

25 2931 109 2998 Canna
130 2937 317 3018 llioipsarum
338 2955 426 3017 prora
449 2939 584 2998 subvexit
605 2945 701 3002 aeuta;

25 3016 134 3098 Propter
153 3024 232 3102 quod
254 3021 366 3083 Romae
388 3041 451 3083 eum
472 3022 605 3082 Boeeare
629 3037 714 3080 nemo
735 3019 856 3094 lavatur,
966 3029 1001 3081 90

27 3100 110 3176 [Quod
131 3116 209 3167 tutos
235 3107 321 3166 etiam
343 3107 412 3166 iaoit
434 3125 451 3166 a
473 3104 659 3184 serpentibus
682 3101 775 3180 atris]

26 3181 116 3247 llullus
138 3193 193 3251 erit
217 3191 341 3266 domini,
365 3208 451 3269 quem
472 3191 549 3248 misit
571 3186 709 3264 Corsiae,
731 3184 780 3245 vel
803 3204 889 3264 quem

28 3265 271 3336 Tauromenitanae
293 3292 401 3354 rupes,
425 3273 539 3354 quando
564 3290 648 3331 omne
671 3278 821 3350 peractum
845 3279 889 3329 est

28 3347 123 3416 litium
145 3358 256 3419 delenit
277 3368 405 3419 nostrum
426 3376 522 3433 mare,
545 3356 610 3416 dum
633 3355 702 3432 gula
725 3354 828 3428 saevit,

29 3431 132 3500 lletibus
155 3443 281 3502 assiduis
304 3443 418 3521 penitus
442 3449 588 3501 scrutante
615 3437 740 3500 macello
965 3445 999 3500 95

30 3515 158 3603 Proxima,
182 3545 240 3586 nee
260 3527 383 3605 patimur
405 3524 583 3601 Tyrrhenum
607 3540 745 3584 erescere
767 3522 886 3600 piseem.
