2444 3984
370 269 373 276 ⁴
438 264 564 311 sauma
585 266 623 312 11.

20 405 182 480 Libertas,
205 412 235 463 et
256 403 336 462 crine
359 421 452 464 senex
469 403 609 464 fanaticus
631 403 698 466 albo

19 490 188 550 Sacrorum
210 487 346 562 antistes,
367 505 461 547 rarum
483 506 520 548 ac
537 487 726 548 memorabile
747 491 843 566 magni

21 562 165 634 Guttnris
182 566 348 648 exemplum
371 571 636 651 conducendusque
655 573 803 649 magister.

21 656 103 730 Quid
119 665 218 716 tamen
233 662 423 734 exspectant,
446 655 573 732 Phrygio
589 673 664 735 quos
680 663 795 734 tempus
811 657 898 717 erat'
889 675 944 717 ram
972 670 1022 722 115

20 739 112 799 biore
137 755 349 818 supervacuam
371 739 470 799 cultris
493 739 667 817 abrumpere
690 736 828 812 carnem?
893 783 896 790 .

22 823 251 900 Quadringenta
273 822 353 886 dedit
370 821 519 884 Gracchus
543 823 678 884 sestertia
699 822 797 899 dotem

23 906 197 982 Cornicini‚
221 907 284 966 sive
307 905 354 966 hic
375 915 458 966 recto
478 915 645 967 cantaverat
666 925 760 967 aere:

24 992 171 1068 Signatus
192 989 330 1063 tabulae;
354 990 459 1050 dictum
481 988 633 1051 Feliciter!
656 991 760 1068 ingens

24 1073 133 1135 Coena
156 1074 254 1148 sedet3
276 1074 388 1151 gremio
407 1075 494 1136 iacuit
515 1091 591 1134 nova
610 1083 701 1153 ,nupta
722 1074 825 1134 mariti.
970 1087 1023 1138 120
1106 1111 1108 1116 ν

25 1158 54 1237 ΟΙ
74 1175 239 1238 proceres,
262 1175 388 1218 censore
410 1175 484 1236 opus
502 1167 547 1218 est
559 1177 602 1218 an
622 1158 779 1237 haruspice
802 1156 909 1218 nobis?

25 1243 153 1303 Scilicet
173 1241 313 1302 horreres
331 1243 498 1321 maioraque
520 1252 647 1303 monstra
669 1250 798 1320 putares,

27 1328 60 1387 Si
83 1325 191 1386 mulier
210 1325 328 1387 vitulum
347 1325 397 1386 vel
418 1327 442 1386 si
464 1325 520 1385 bos
542 1326 645 1386 ederet
663 1321 789 1403 agnum?

28 1403 190 1488 Segmen'ta
212 1419 241 1469 et
263 1409 369 1487 longos
388 1408 502 1470 babitus
524 1419 553 1470 et
575 1409 706 1470 flanimea
726 1409 821 1484 sumit,

28 1494 148 1554 Arcano
170 1495 217 1572 qui
240 1511 323 1554 sacra
344 1492 446 1560 ferens
461 1494 587 1554 nutantia
615 1493 679 1554 loro
716 1551 726 1568 ,
972 1503 1021 1555 125
1062 1524 1065 1528 ·

28 1578 152 1638 Sudavit
183 1577 289 1656 clipeis
311 1575 461 1638 ancilibus.
507 1575 637 1656 Opater
656 1575 746 1652 urbis,
917 1577 921 1586 '

27 1662 115 1722 Unde
136 1660 221 1721 nefas
241 1669 347 1721 tantum
369 1658 455 1720 Latiis
471 1657 662 1740 pastoribus?
685 1661 760 1720 unde

28 1746 112 1806 llaec
132 1745 244 1823 tetigit,
266 1741 408 1820 (badim,
430 1754 496 1805 tuos
517 1745 609 1804 urtica
630 1742 777 1823 nepotes?

29 1828 167 1890 Traditur
189 1846 262 1888 ecco
284 1830 347 1889 viro
371 1828 467 1890 clarus
488 1846 600 1906 genere
622 1838 709 1906 atque
732 1828 837 1907 opibus
857 1829 915 1888 vir:

30 1912 95 1973 Nec
116 1912 233 1991 galeam
253 1929 391 1991 quassas,
416 1929 472 1972 nec
495 1921 601 1973 terram
625 1912 745 1990 cuspide
767 1912 877 1991 pulsas,
973 1921 1036 1973 13⁰¹

30 1997 94 2057 Nec
118 1997 252 2075 quereris
272 1993 366 2075 patrii
388 1996 465 2056 vade
484 2013 556 2074 ergo
575 2005 605 2056 et
627 1995 711 2056 cede'
724 1996 822 2056 severi

31 2079 184 2158 iugeribus
208 2081 319 2161 campi,
340 2098 426 2160 quem
447 2079 600 2158 neglegis!
612 2109 656 2124 ··-·
673 2076 806 2138 Officium
829 2094 893 2136 oras

31 2166 125 2225 Primo
148 2162 212 2224 sole
232 2163 300 2223 mihi
322 2161 520 2241 peragendum
543 2164 571 2223 in
588 2163 666 2224 valle
690 2162 809 2262 Quirini.

34 2247 113 2321 Quae
137 2265 225 2308 causa
247 2243 357 2307 cilicii?
380 2247 451 2327 quid
470 2245 608 2326 qnaeris?
632 2246 712 2306 nubit
734 2248 852 2321 amicus,

34 2330 96 2391 Nec
116 2331 222 2391 multos
239 2330 414 2391 adhibete-
424 2330 620 2392 Liceatmodo
634 2331 753 2391 vivere:
776 2331 855 2406 dent,
973 2339 1021 2392 135

33 2413 115 2474 Fient
135 2416 190 2476 ista
213 2414 326 2493 palam,
350 2416 466 2494 cupient
489 2425 518 2474 et
541 2417 568 2474 in
592 2425 656 2476 acta
676 2415 792 2476 referri.
862 2457 865 2464 -

32 2497 147 2560 Interea
167 2507 339 2558 tormentum
360 2500 464 2575 ingens
482 2499 655 2560 nubentibus
676 2498 788 2576 haeret,

36 2581 119 2656 Quod
138 2591 284 2661 nequeant
303 2600 409 2661 parere
431 2592 461 2643 et
481 2593 564 2662 partu
585 2585 712 2643 retinere
733 2544 868 2652 nubitum

37 2667 93 2726 Sed
115 2666 234 2742 melius,
249 2667 335 2745 quod
356 2666 396 2738 nil
413 2667 513 2726 animis
535 2669 563 2726 in
583 2683 710 2745 corpora
732 2667 801 2725 iuris

36 2749 140 2810 Natura
161 2750 308 2828 indulget:
332 2751 449 2810 steriles
471 2751 639 2824 moriuntur,
666 2757 695 2808 et
717 2749 775 2808 illis
973 2758 1023 2810 tao

37 2833 159 2910 angida
180 2850 238 2893 non
255 2834 378 2912 prodest
400 2834 516 2895 condita
538 2833 646 2912 pyxide
668 2831 758 2907 Lyde,

36 2915 98 2976 Nec
119 2917 239 2996 prodest
261 2917 329 2994 agili
347 2919 458 2997 palmas
479 2917 625 2996 praebere
658 2919 792 2994 luperco.

37 3001 111 3061 Vicit
130 3009 159 3062 et
178 3000 239 3062 boo
259 2999 416 3063 monstrum
439 2997 556 3062 tunicati
578 3000 690 3062 fuscina
712 2997 847 3075 Gracchi,

38 3083 232 3165 lustravitque
252 3085 321 3163 iuga
342 3086 466 3156 mediam
485 3085 629 3163 gladiator
650 3101 778 3160 arenam,

39 3167 72 3227 lit
95 3166 265 3256 capitolinis
287 3171 464 3248 generosior
487 3171 530 3248 [et
551 3168 700 3229 Marcellis
973 3174 1022 3228 14⁵

39 3249 74 3310 Et
95 3249 185 3312 Catuli
209 3237 350 3332 Paulique
381 3253 551 3332 minoribns}
574 3263 603 3312 et
624 3250 722 3312 Fabiis
741 3259 770 3311 et
870 3301 872 3306 .
912 3257 915 3262 ’
983 3259 986 3266 ’

41 3333 170 3396 Omnibus
193 3337 229 3397 ad
248 3337 365 3415 podium
388 3337 605 3417 spectantibus,
630 3335 675 3396 bis
697 3335 798 3396 licet'
790 3351 883 3428 ipsum

43 3419 227 3496 ddmoveas‚
241 3422 322 3481 cuius
343 3431 410 3482 tnnc
431 3439 552 3482 munere
573 3421 647 3481 retia
669 3420 753 3479 misit.

77 3503 150 3565 llsse
172 3504 289 3583 aliquos
309 3523 409 3565 manes
432 3513 462 3566 et
483 3504 671 3566 subterranea
692 3520 783 3581 regna
