2444 3984
204 261 264 308 xvi
586 255 794 303 PRAEFATIO.

200 417 371 474 quemcunque
386 401 496 457 nobilem
511 400 616 455 volueris
633 399 756 455 revolvens
772 399 802 455 ad
812 399 971 454 bumilitatem
988 406 1146 469 peruenturus
1157 401 1193 456 sis

202 489 240 554 (v.
251 487 433 553 nce-275).
468 481 540 540 Nono
559 483 630 538 satira
646 485 671 537 in
689 483 802 554 colloquii
821 483 923 538 sormam
943 483 1058 552 disposita
1076 490 1127 548 est,
1149 484 1193 540 ubi

201 570 322 626 Naevclns
342 568 478 624 alnvenale
497 575 595 639 propter
606 567 728 622 tristitiam
748 573 773 621 et
786 566 922 638 squalorem
938 567 1104 636 interpellatus
1122 566 1190 633 (v.l

204 681 241 694 -
252 656 301 717 86)
313 654 336 708 in
348 653 449 707 divitum
462 650 616 706 cinaedornm
627 651 749 705 avaritiam
760 649 885 714 invehitur,
899 651 938 722 qui
949 651 1041 705 miseris
1053 650 1192 717 clientibus,

201 753 263 810 quos
281 737 310 792 ad
328 736 457 791 mrdiebres
468 735 603 806 voluptates
615 733 744 805 explendas
756 733 929 801 conduxerint,
946 749 977 789 ne
988 735 1125 790 mercedem
1138 736 1192 806 qui-

202 823 257 878 dem
269 821 375 876 debitam
385 821 479 875 soluere
489 819 621 890 dignentur
632 819 669 884 (v.
684 819 851 887 27-101),
864 823 935 887 poeta
946 833 1002 873 uero
1012 818 1119 873 vicissim
1131 819 1192 874 isto·

202 921 257 960 rum
267 904 394 959 bominum
409 901 582 972 turpitudinem
595 908 667 972 atque
680 901 852 972 impudentiam
864 901 981 972 castigat.
1000 903 1040 974 qui
1052 901 1106 958 talis
1117 917 1192 974 quae-

202 995 254 1044 stus
272 988 394 1042 iniamiam
413 987 478 1040 sicca
496 986 576 1041 fronte
600 985 756 1056 profiteantur
773 986 808 1051 (v.
827 987 1012 1054 lon—mem
1030 1000 1092 1058 quae
1109 991 1191 1042 tamer.

203 1072 283 1127 omnia
290 1070 350 1124 licet
357 1070 458 1124 eandem
465 1070 494 1124 ad
501 1069 690 1141 indignationem
696 1068 836 1141 dirigantur,
843 1084 914 1140 quarn
921 1074 1015 1125 ceterae
1022 1070 1143 1125 luvenalis
1154 1087 1181 1124 sa

205 1155 266 1210 tinae
273 1155 374 1224 spirant,
382 1153 443 1208 baec
448 1154 514 1207 velut
525 1155 670 1227 contagione
675 1153 764 1208 iniecta
770 1153 907 1225 argumenti
912 1152 996 1207 sordes
1003 1159 1068 1208 tanta
1075 1155 1191 1209 orationis

204 1238 357 1293 obscenitate
373 1245 460 1309 aequat
469 1237 645 1309 verborumque
661 1237 793 1292 nuditatem
804 1243 853 1290 tam
870 1235 983 1291 tenuibus
1000 1238 1057 1292 artis
1068 1237 1191 1293 coloribus

201 1322 279 1387 uelat,
299 1327 328 1376 ut
338 1321 511 1377 accuratiorem
521 1323 695 1377 enarrationem
705 1336 753 1376 non
764 1321 841 1390 pudor
851 1321 930 1392 magis
941 1336 1012 1391 quam
1023 1321 1074 1392 ipsa
1085 1336 1190 1378 oecono-

205 1406 267 1460 miae
278 1407 370 1460 ruditas
381 1405 502 1461 excludat.

288 1489 366 1545 llnlto
383 1496 408 1544 et
425 1489 518 1561 gratior
536 1499 562 1543 et
581 1489 675 1545 doctior
690 1488 772 1562 quarti
788 1487 842 1542 libri
857 1477 971 1544 seueritas
982 1495 1030 1553 est,
1044 1487 1086 1544 ubi
1097 1489 1190 1546 bomo

202 1575 275 1629 satira
285 1574 437 1629 decantatam
448 1573 473 1627 in
484 1572 681 1643 philosophorum
691 1571 758 1627 libris
769 1578 881 1627 votomm
892 1573 1190 1628 humanommuanitutem

203 1658 277 1730 longa
289 1658 455 1726 exemplomm
466 1657 528 1711 serie
537 1657 570 1710 ita
583 1656 700 1720 illustrat,
712 1662 740 1710 ut
750 1655 846 1711 easdem
856 1671 902 1721 res,
914 1671 975 1727 quae
982 1656 1057 1728 vulgo
1069 1656 1190 1712 bonorum

202 1756 297 1796 summa
308 1740 455 1804 habeantur,
473 1740 589 1809 ancipites
603 1739 709 1810 ipsisque
727 1739 865 1808 optantibus
881 1740 1027 1810 perniciosas
1037 1755 1091 1795 esse
1101 1741 1190 1796 doceat

204 1825 390 1893 (v.1—11);
406 1824 470 1895 quod
481 1819 609 1894 postquam
619 1823 722 1892 primum
733 1822 866 1878 divitiamm
883 1831 1027 1895 argumento
1038 1824 1188 1879 adumbravit

204 1909 239 1974 (r.
252 1910 406 1976 12-87),
425 1908 516 1978 priscas
527 1906 658 1962 Democriti
675 1913 699 1960 et
710 1906 822 1962 lleraob'ti
833 1909 987 1963 auctoritates
1003 1913 1091 1963 testata
1102 1907 1138 1974 (v.
1154 1914 1188 1970 28

205 2021 242 2031 —
250 1995 299 2062 55)
318 1991 423 2063 quinque
440 1992 545 2046 manime
556 1997 667 2046 votorum
678 2005 782 2062 genera,
796 2007 844 2063 quo
859 1992 930 2048 altirrs
941 1999 1082 2064 assurgant,
1094 2006 1123 2046 eo
1134 2007 1188 2046 ma-

204 2078 253 2130 iora
267 2075 378 2130 fortunae
388 2075 490 2132 ludibria
501 2077 640 2145 permittere
650 2075 813 2144 demonstrat,
824 2077 955 2146 potentiam
967 2077 1003 2143 (v.
1016 2079 1185 2145 56-113),

204 2160 364 2230 eloquentiam
377 2159 413 2227 (r.
426 2164 478 2217 114
487 2187 523 2198 ·—
532 2162 613 2229 188),
625 2158 682 2214 belli
692 2158 795 2230 gloriam
807 2159 844 2225 (u.
855 2164 907 2218 138
917 2188 953 2198 -
961 2162 1011 2218 187
1013 2161 1034 2228 )‚
1048 2159 1121 2213 ritarn
1131 2158 1186 2213 lon-

204 2258 261 2314 gam
273 2243 309 2309 (v.
322 2247 374 2301 188
382 2270 419 2281 -
428 2245 502 2311 888),
514 2241 717 2312 pulchritudinem
729 2242 765 2308 (r.
778 2245 830 2300 289
839 2269 875 2280 —
884 2244 964 2311 345);
983 2242 1086 2313 deniqne
1095 2243 1117 2297 si
1127 2243 1185 2313 quid

203 2326 294 2380 homini
312 2326 444 2396 optandum
461 2324 646 2391 essevideatur,
661 2325 738 2379 solam
747 2325 898 2394 prudentiam
908 2326 1032 2396 relinquit,
1049 2341 1122 2397 quarn
1132 2326 1186 2396 ipse

203 2409 249 2464 sibi
260 2408 317 2463 dare
326 2410 403 2478 possit
415 2408 450 2474 (u.
462 2411 631 2477 etc-eet).
651 2405 794 2463 Undeem
805 2423 900 2480 qnoque
910 2409 996 2464 satirae
1006 2415 1088 2472 tenor,
1100 2425 1186 2481 quarn·

204 2494 240 2547 vis
253 2492 353 2564 propius
363 2492 392 2547 ad
407 2493 481 2547 vitam
493 2491 654 2563 quotidianam
665 2491 775 2556 accedat,
789 2506 817 2547 eo
830 2498 910 2546 tamen
920 2509 933 2548 a
943 2493 1106 2562 superioribus
1116 2493 1186 2548 libris

204 2577 373 2648 distinguitur,
391 2577 456 2647 qued
466 2590 522 2630 cum
532 2574 602 2632 solita
612 2590 777 2645 perversorum
789 2576 923 2632 studiorum
933 2577 1042 2632 irrisione
1054 2576 1186 2632 iucundam
1213 2609 1214 2658 ;

203 2677 275 2717 sanae
284 2676 314 2716 ac
322 2659 417 2716 sobriae
427 2661 490 2714 ritae
501 2659 632 2732 imaginem
645 2661 771 2731 coniungit
785 2660 942 2732 Persicoque,
954 2676 1026 2732 quem
1039 2660 1186 2732 Megalesio-

205 2760 258 2800 rum
270 2744 309 2801 die
319 2745 380 2800 leste
391 2745 421 2800 ad
434 2744 548 2800 nrsticam
560 2759 659 2799 coenam
670 2744 765 2809 invitat,
782 2749 838 2815 post
847 2744 944 2800 brevem
955 2745 1138 2815 intempestivae
1149 2745 1187 2802 lu-

204 2829 287 2884 xuriae
297 2829 506 2899 reprehensionem
518 2829 553 2896 (r.
567 2834 628 2886 1-
637 2830 685 2898 55)
697 2828 816 2900 ingenuae
826 2827 971 2900 frugalitatis
981 2829 1119 2899 exemplum
1130 2843 1187 2899 pro·
1212 2879 1213 2888 ,

204 2915 284 2983 ponit,
303 2929 351 2984 qno
367 2929 423 2968 cum
440 2920 556 2984 perpetua
578 2913 730 2984 antiquorum
753 2927 849 2967 morum
872 2913 1049 2983 comparatione
1063 2913 1187 2982 descripto

206 2997 241 3062 (v.
253 3002 332 3055 56-
344 2999 409 3066 161)
427 2997 472 3051 sub
482 2997 554 3051 linem
566 2995 664 3050 demum
681 2996 711 3051 ad
726 2997 861 3066 voluptates
878 2997 1012 3068 aequalium
1033 2995 1071 3063 (v.
1085 2999 1137 3054 162
1148 3023 1185 3034 -

206 3082 271 3148 180)
282 3093 402 3150 vanasque
412 3092 482 3133 curas
492 3079 567 3146 redit,
579 3094 639 3150 quas
649 3081 753 3136 amicum
764 3081 862 3151 apndse
872 3080 992 3150 deponere
1002 3079 1069 3135 inbet
1085 3080 1120 3148 (r.
1136 3082 1187 3137 181

208 3165 334 3234 -208);
352 3161 484 3233 similisque
501 3161 651 3218 medem
668 3165 773 3219 conditio
785 3171 834 3228 eet,
853 3165 922 3219 cuius
933 3163 1120 3236 quamplurima
1131 3178 1189 3233 pars

206 3247 231 3300 in
241 3246 392 3316 tempestatis
402 3247 508 3301 marinae
518 3247 679 3318 descriptione
692 3255 810 3312 versetur,
830 3249 893 3304 unde
904 3249 1025 3304 familiaris
1043 3253 1130 3318 poetae
1141 3246 1188 3302 Ca·

207 3329 281 3384 tullus
292 3331 333 3386 vix
342 3345 427 3401 sospes
437 3330 533 3386 redierit
544 3332 580 3398 (u.
594 3335 627 3390 15
636 3360 672 3370 -
680 3335 736 3402 88),
748 3333 835 3387 satirae
844 3332 937 3388 indoles
947 3333 971 3386 in
982 3332 1011 3386 iis
1022 3336 1117 3385 tantum
1127 3331 1188 3384 locis

208 3412 327 3481 cernitur,
344 3414 387 3469 ubi
400 3413 518 3470 luvenalis
533 3415 691 3471 voluntariam
702 3417 772 3471 amici
783 3418 899 3473 iacturam
911 3417 1012 3471 aliorum
1022 3415 1134 3471 avaritiae
1145 3429 1188 3483 op·

208 3497 276 3568 ponit
292 3497 329 3565 (r.
342 3501 375 3556 37
385 3525 422 3538 -
431 3502 494 3567 56),
513 3506 538 3554 et
554 3499 594 3554 ubi
610 3516 682 3554 suum
696 3501 854 3564 sacrificium,
871 3516 919 3571 quo
934 3500 998 3554 illius
1008 3499 1113 3554 reditum
1125 3498 1189 3551 cele-

209 3580 279 3635 brare
295 3588 363 3651 parat
378 3581 415 3649 (v.
429 3587 444 3638 1
456 3587 565 3653 -1t),
583 3583 612 3638 ab
632 3585 763 3640 ambitiosis
780 3589 930 3656 caplatorum
946 3583 1037 3638 artibus
1056 3581 1191 3653 seiungens
