2444 3984
227 249 247 309 2
558 261 593 308 ι).
611 262 683 309 run.
703 261 887 309 ruvnuunrs

228 401 367 462 Patricius
390 418 490 460 omnes
513 399 618 478 opibus
641 405 725 478 quum
747 409 890 478 provocet
901 397 1002 484 unus,

230 484 293 558 Quo
317 484 454 544 tondente
476 485 574 561 gravis
596 486 691 543 iuveni
712 484 779 543 milri
801 482 891 543 barba
915 485 1050 552 sonabat;
1186 495 1208 546 ut

229 566 320 640 Quum
344 585 412 647 pars
434 566 565 627 Niliacae
591 567 703 645 plebis,
731 560 816 645 qu‘um
838 585 927 627 verna
950 565 1061 646 Canopi

229 649 395 730 Crispinus,
417 649 520 726 Tyrias
534 649 661 710 'humero
685 659 843 710 revocante
867 650 1025 728 lacernas,
1118 705 1119 708 ,

231 733 358 795 Ventilet
380 735 521 795 aestivum
542 733 646 810 digitis.
661 733 828 793 sudantibus
852 752 967 810 aurum,
1001 793 1004 798 .

228 819 292 879 Nec
315 819 438 878 sufferre
460 825 548 896 queat
567 817 685 877 maioris
707 817 837 895 pondera
858 835 1005 895 gemmae:

226 901 355 962 Dillicile
380 909 425 961 est
446 901 563 961 satiram
582 916 639 959 non
662 900 803 960 scribere.
842 900 913 960 Nam
933 903 997 979 quis
1020 902 1137 980 iniquae
1182 913 1209 966 3(

227 985 298 1046 Tam
319 986 432 1063 patiens
451 982 547 1060 urbis,
571 992 627 1043 tam
650 983 779 1060 ferreus,
804 993 839 1044 ut
855 993 952 1044 teneat
973 1002 1023 1061 se,

228 1068 375 1138 causidici
396 1084 471 1128 nova
494 1085 580 1145 quum
602 1068 699 1127 veniat
721 1068 826 1128 lectica
848 1066 990 1128 Mathonis

198 1211 201 1217 ,
226 1152 315 1213 Plena
338 1153 418 1231 ipso;
439 1160 506 1230 post
528 1151 604 1211 hunc
626 1153 721 1229 magni
744 1152 857 1212 delator
880 1153 962 1212 amici

226 1236 264 1296 Et
285 1236 342 1295 cito
365 1243 498 1314 rapturus
521 1235 557 1295 de
580 1235 729 1295 nobilitate
751 1253 868 1296 comesa

227 1320 311 1394 Quod
329 1327 477 1398 superest,
493 1338 578 1398 quem
590 1318 686 1380 ltlassa
702 1321 792 1396 timet,
807 1338 894 1400 quem
909 1336 1027 1378 munere
1043 1319 1141 1398 palpat
1181 1330 1210 1384 at

227 1401 318 1464 Carus
342 1413 371 1464 et
394 1422 410 1464 a
429 1403 544 1482 trepido
568 1402 708 1479 Thymele
731 1406 882 1464 summissa
902 1403 1015 1470 hatino;

227 1492 319 1562 Quum
341 1497 371 1548 te
394 1496 609 1563 summoveant,
633 1489 681 1564 qui
703 1497 872 1548 testamenta
893 1496 1040 1547 merentur

228 1571 385 1648 Noctibus,
408 1573 436 1631 in
460 1570 574 1632 coelum
598 1589 671 1649 quos
695 1571 793 1632 evehit
815 1573 921 1650 optima
945 1571 1044 1631 summi
1155 1586 1160 1594 ·

227 1655 308 1715 Nunc
328 1656 374 1715 via
394 1671 569 1732 processus,
592 1654 708 1715 vetulae
729 1656 828 1730 vesica
848 1651 973 1715 beatae?

228 1737 378 1798 Unciolam
400 1737 569 1798 Proculeius
592 1737 695 1813 habet,
719 1738 772 1798 sed
796 1737 872 1798 Gillo
895 1738 1050 1814 deuncem,
1182 1750 1211 1802 to

226 1821 328 1881 Partes
352 1823 476 1899 quisque
499 1838 584 1894 suas,
608 1819 643 1880 ad
665 1839 828 1881 mensuram
849 1822 973 1900 inguinis
993 1822 1090 1882 heres.

226 1905 360 1983 Accipiat
382 1922 452 1965 sane
475 1903 641 1965 mercedem
656 1907 811 1982 sanguinis
835 1915 864 1965 et
886 1905 929 1965 sic

225 1989 356 2064 Palleat,
379 1997 409 2048 ut
429 1989 511 2049 nudis
535 1989 643 2067 pressit
663 1989 864 2067 qui'calcibus
888 2007 1026 2068 anguem,

225 2074 284 2133 hut
305 2071 525 2150 lugdunensem
547 2072 649 2133 rhetor
669 2073 797 2134 dicturus
820 2074 855 2134 ad
878 2073 970 2135 aram!

226 2157 301 2231 Quid
323 2156 464 2233 referam,
488 2165 594 2236 quanta
617 2156 725 2218 siccum
747 2159 828 2219 iecur
845 2159 945 2218 ardeat
966 2159 1024 2232 ira,
1180 2167 1212 2218 ts

225 2240 318 2314 Quum
335 2241 474 2318 populum
494 2241 635 2318 gregibus
658 2243 791 2301 comitum
814 2243 918 2320 premit
937 2240 984 2300 hic
1007 2238 1149 2317 spuliator

224 2322 330 2400 Pupilli
353 2324 525 2400 prostantis,
550 2322 649 2404 ethic
671 2323 818 2383 damnatus
840 2325 915 2384 inani
1192 2331 1194 2336 “

224 2405 334 2465 Iudicio
358 2404 442 2483 (qnid
466 2407 540 2464 enim
562 2405 651 2464 salvis
674 2405 788 2466 infamia
811 2403 966 2484 nummisi)
1008 2409 1013 2420 ’

223 2486 300 2547 Exul
332 2489 368 2548 ab
397 2497 501 2548 octava
523 2485 629 2547 blarius
649 2488 720 2548 bibit
743 2497 772 2548 et
793 2489 895 2549 fruitur
917 2488 960 2548 dis
993 2533 1019 2562 ,-

223 2571 321 2632 lratis:
346 2580 374 2631 at
395 2580 425 2631 tu
444 2572 548 2632 uictrix
571 2573 720 2650 provincia
742 2572 857 2651 ploras!
1177 2587 1211 2635 5ο

223 2655 304 2716 llaec
326 2672 383 2733 ego
407 2672 464 2715 non
484 2655 599 2716 credam
621 2655 768 2717 Venusina
788 2657 874 2734 digna
890 2653 1031 2716 lucerna?

223 2739 305 2799 llaec
326 2756 384 2818 ego
406 2757 464 2800 non
485 2737 613 2818 agitem?
637 2741 689 2801 sed
709 2741 776 2819 quid
797 2743 889 2819 magis
910 2738 1079 2816 Heracleas,

224 2823 281 2883 hut
303 2822 498 2900 Diomedeas,
522 2834 571 2884 aut
592 2827 728 2904 mugitum
761 2825 915 2901 labyrinthi
960 2875 964 2883 .
1017 2863 1058 2894 v0

223 2908 261 2968 Et
281 2925 361 2968 mare
384 2919 555 2988 percussum
577 2926 670 2988 puero
690 2909 859 2987 labrumque
881 2908 1043 2982 volantem,

224 2992 317 3066 Quum
339 2993 408 3054 leno
429 2994 554 3072 accipiat
574 2993 690 3053 moechi
712 2992 803 3068 bona,
825 2995 849 3052 si
872 2991 1005 3070 capiendi
1173 3003 1206 3054 55

224 3075 271 3136 lus
294 3076 402 3137 nullum
426 3078 525 3151 uxori,
549 3076 653 3136 doctus
676 3084 813 3154 spectare
837 3076 971 3150 lacunar,

222 3159 335 3219 Doctus
357 3160 443 3220 etad
466 3159 588 3220 calicem
612 3159 741 3236 vigilanti
763 3167 891 3219 stertere
909 3175 996 3226 naso;
1039 3225 1042 3232 p

223 3242 317 3316 Quum
339 3243 383 3301 fas
404 3261 472 3302 esse
491 3251 574 3321 putet
596 3260 693 3303 curam
714 3259 835 3321 sperare
859 3242 1005 3319 cohortis,

224 3324 279 3398 Qui
302 3323 378 3385 bona
402 3315 520 3387 donavit
541 3326 734 3405 praesepibus
757 3335 787 3387 et
809 3336 889 3388 caret
910 3328 985 3388 omni

221 3405 361 3467 blaiorum
384 3427 492 3486 censu,
515 3410 581 3470 dum
605 3410 740 3489 pervolat
763 3429 818 3486 axe
840 3412 927 3471 citato
1048 3439 1051 3446 ,
1171 3419 1201 3470 to

222 3489 387 3553 Flaminiam
409 3511 482 3573 puer
503 3493 702 3566 Automedom
722 3513 786 3557 nam
808 3494 871 3556 lora
892 3495 1010 3556 tenebat
