<?xml version="1.0" encoding="UTF-8"?>
<!DOCTYPE html PUBLIC "-//W3C//DTD XHTML 1.0 Transitional//EN"
    "http://www.w3.org/TR/xhtml1/DTD/xhtml1-transitional.dtd">
<html xmlns="http://www.w3.org/1999/xhtml" xml:lang="en" lang="en">
 <head>
  <title>
</title>
<meta http-equiv="Content-Type" content="text/html;charset=utf-8" />
  <meta name='ocr-system' content='tesseract 3.04.00' />
  <meta name='ocr-capabilities' content='ocr_page ocr_carea ocr_par ocr_line ocrx_word'/>
</head>
<body>
  <div class='ocr_page' id='page_1' title='image "./satirarumlibriq02juvegoog_0079.png"; bbox 0 0 2438 3994; ppageno 0'>
   <div class='ocr_carea' id='block_1_1' title="bbox 198 233 853 291">
    <p class='ocr_par' dir='ltr' id='par_1_1' title="bbox 198 233 853 291">
     <span class='ocr_line' id='line_1_1' title="bbox 198 233 853 291; baseline -0.009 0"><span class='ocrx_word' id='word_1_1' title='bbox 198 233 238 291; x_wconf 81' lang='lat' dir='ltr'>tt</span> <span class='ocrx_word' id='word_1_2' title='bbox 517 241 552 287; x_wconf 80' lang='lat' dir='ltr'>r).</span> <span class='ocrx_word' id='word_1_3' title='bbox 571 239 642 286; x_wconf 88' lang='lat' dir='ltr'>ruru.</span> <span class='ocrx_word' id='word_1_4' title='bbox 667 236 853 286; x_wconf 72' lang='lat' dir='ltr'>iuventam</span> 
     </span>
    </p>
   </div>
   <div class='ocr_carea' id='block_1_2' title="bbox 143 376 1204 3557">
    <p class='ocr_par' dir='ltr' id='par_1_2' title="bbox 143 376 1204 3053">
     <span class='ocr_line' id='line_1_2' title="bbox 197 376 1171 455; baseline -0.004 -13"><span class='ocrx_word' id='word_1_5' title='bbox 197 381 317 442; x_wconf 83' lang='lat' dir='ltr'>Tantum</span> <span class='ocrx_word' id='word_1_6' title='bbox 340 389 418 442; x_wconf 87' lang='lat' dir='ltr'>artes</span> <span class='ocrx_word' id='word_1_7' title='bbox 440 379 541 455; x_wconf 87' lang='lat' dir='ltr'>huius,</span> <span class='ocrx_word' id='word_1_8' title='bbox 565 387 671 439; x_wconf 91' lang='lat' dir='ltr'>tantum</span> <span class='ocrx_word' id='word_1_9' title='bbox 693 376 883 438; x_wconf 79' lang='lat' dir='ltr'><strong>medicamina</strong></span> <span class='ocrx_word' id='word_1_10' title='bbox 903 384 1037 455; x_wconf 90' lang='lat' dir='ltr'>possunt,</span> <span class='ocrx_word' id='word_1_11' title='bbox 1130 385 1171 440; x_wconf 76' lang='lat' dir='ltr'>stt</span> 
     </span>
     <span class='ocr_line' id='line_1_3' title="bbox 198 460 1174 541; baseline -0.006 -15"><span class='ocrx_word' id='word_1_12' title='bbox 198 465 280 538; x_wconf 84' lang='lat' dir='ltr'>Quae</span> <span class='ocrx_word' id='word_1_13' title='bbox 304 464 421 524; x_wconf 86' lang='lat' dir='ltr'>steriles</span> <span class='ocrx_word' id='word_1_14' title='bbox 443 463 514 523; x_wconf 84' lang='lat' dir='ltr'>lacit</span> <span class='ocrx_word' id='word_1_15' title='bbox 536 470 623 541; x_wconf 88' lang='lat' dir='ltr'>atque</span> <span class='ocrx_word' id='word_1_16' title='bbox 643 463 774 522; x_wconf 89' lang='lat' dir='ltr'>homines</span> <span class='ocrx_word' id='word_1_17' title='bbox 794 461 823 520; x_wconf 92' lang='lat' dir='ltr'>in</span> <span class='ocrx_word' id='word_1_18' title='bbox 844 469 948 521; x_wconf 85' lang='lat' dir='ltr'>ventre</span> <span class='ocrx_word' id='word_1_19' title='bbox 969 460 1117 520; x_wconf 88' lang='lat' dir='ltr'>necandos</span> <span class='ocrx_word' id='word_1_20' title='bbox 1173 467 1174 474; x_wconf 76' lang='grc'>’</span> 
     </span>
     <span class='ocr_line' id='line_1_4' title="bbox 198 543 1034 625; baseline -0.007 -17"><span class='ocrx_word' id='word_1_21' title='bbox 198 547 350 609; x_wconf 74' lang='lat' dir='ltr'><strong>conducit.</strong></span> <span class='ocrx_word' id='word_1_22' title='bbox 396 546 511 622; x_wconf 82' lang='lat' dir='ltr'><strong>Gaude,</strong></span> <span class='ocrx_word' id='word_1_23' title='bbox 539 545 657 622; x_wconf 79' lang='lat' dir='ltr'><strong>infelix,</strong></span> <span class='ocrx_word' id='word_1_24' title='bbox 681 554 768 625; x_wconf 89' lang='lat' dir='ltr'>atque</span> <span class='ocrx_word' id='word_1_25' title='bbox 791 545 856 623; x_wconf 85' lang='lat' dir='ltr'>ipse</span> <span class='ocrx_word' id='word_1_26' title='bbox 879 543 1034 604; x_wconf 88' lang='lat' dir='ltr'>bibendum</span> 
     </span>
     <span class='ocr_line' id='line_1_5' title="bbox 196 627 1025 711; baseline -0.01 -17"><span class='ocrx_word' id='word_1_27' title='bbox 196 632 334 710; x_wconf 87' lang='lat' dir='ltr'>Porrigo,</span> <span class='ocrx_word' id='word_1_28' title='bbox 353 630 491 711; x_wconf 92' lang='lat' dir='ltr'>quidquid</span> <span class='ocrx_word' id='word_1_29' title='bbox 514 631 584 700; x_wconf 89' lang='lat' dir='ltr'>crit;</span> <span class='ocrx_word' id='word_1_30' title='bbox 607 649 672 690; x_wconf 93' lang='lat' dir='ltr'>nam</span> <span class='ocrx_word' id='word_1_31' title='bbox 695 631 719 688; x_wconf 87' lang='lat' dir='ltr'>si</span> <span class='ocrx_word' id='word_1_32' title='bbox 742 628 910 690; x_wconf 78' lang='lat' dir='ltr'>distendere</span> <span class='ocrx_word' id='word_1_33' title='bbox 932 627 1025 687; x_wconf 88' lang='lat' dir='ltr'>vellet</span> 
     </span>
     <span class='ocr_line' id='line_1_6' title="bbox 143 711 949 792; baseline -0.007 -15"><span class='ocrx_word' id='word_1_34' title='bbox 143 711 146 717; x_wconf 60' lang='grc'>“</span> <span class='ocrx_word' id='word_1_35' title='bbox 195 716 234 776; x_wconf 85' lang='lat' dir='ltr'>Et</span> <span class='ocrx_word' id='word_1_36' title='bbox 256 733 366 775; x_wconf 88' lang='lat' dir='ltr'>vexare</span> <span class='ocrx_word' id='word_1_37' title='bbox 391 723 503 774; x_wconf 88' lang='lat' dir='ltr'>utemm</span> <span class='ocrx_word' id='word_1_38' title='bbox 526 715 625 792; x_wconf 88' lang='lat' dir='ltr'>pueris</span> <span class='ocrx_word' id='word_1_39' title='bbox 650 712 839 790; x_wconf 80' lang='lat' dir='ltr'>salientibus,</span> <span class='ocrx_word' id='word_1_40' title='bbox 865 729 949 773; x_wconf 91' lang='lat' dir='ltr'>esses</span> 
     </span>
     <span class='ocr_line' id='line_1_7' title="bbox 196 796 967 879; baseline -0.004 -20"><span class='ocrx_word' id='word_1_41' title='bbox 196 799 351 879; x_wconf 84' lang='lat' dir='ltr'>Aethiopis</span> <span class='ocrx_word' id='word_1_42' title='bbox 373 799 500 859; x_wconf 80' lang='lat' dir='ltr'>fortasse</span> <span class='ocrx_word' id='word_1_43' title='bbox 522 808 620 877; x_wconf 83' lang='lat' dir='ltr'>pater:</span> <span class='ocrx_word' id='word_1_44' title='bbox 645 815 712 859; x_wconf 86' lang='lat' dir='ltr'>mox</span> <span class='ocrx_word' id='word_1_45' title='bbox 734 796 857 857; x_wconf 89' lang='lat' dir='ltr'>decolor</span> <span class='ocrx_word' id='word_1_46' title='bbox 879 797 967 857; x_wconf 81' lang='lat' dir='ltr'>lueres</span> 
     </span>
     <span class='ocr_line' id='line_1_8' title="bbox 194 879 1007 962; baseline -0.006 -18"><span class='ocrx_word' id='word_1_47' title='bbox 194 882 335 962; x_wconf 90' lang='lat' dir='ltr'>lmpleret</span> <span class='ocrx_word' id='word_1_48' title='bbox 356 882 485 958; x_wconf 90' lang='lat' dir='ltr'>tabulas,</span> <span class='ocrx_word' id='word_1_49' title='bbox 509 899 660 961; x_wconf 83' lang='lat' dir='ltr'><strong>numquam</strong></span> <span class='ocrx_word' id='word_1_50' title='bbox 682 881 733 941; x_wconf 92' lang='lat' dir='ltr'>tibi</span> <span class='ocrx_word' id='word_1_51' title='bbox 753 899 836 941; x_wconf 86' lang='lat' dir='ltr'>mane</span> <span class='ocrx_word' id='word_1_52' title='bbox 856 879 1007 941; x_wconf 86' lang='lat' dir='ltr'>videndus.</span> 
     </span>
     <span class='ocr_line' id='line_1_9' title="bbox 195 966 961 1045; baseline -0.004 -18"><span class='ocrx_word' id='word_1_53' title='bbox 195 966 327 1028; x_wconf 78' lang='lat' dir='ltr'>Transeo</span> <span class='ocrx_word' id='word_1_54' title='bbox 351 967 522 1045; x_wconf 86' lang='lat' dir='ltr'>suppositos</span> <span class='ocrx_word' id='word_1_55' title='bbox 544 975 573 1025; x_wconf 88' lang='lat' dir='ltr'>et</span> <span class='ocrx_word' id='word_1_56' title='bbox 594 966 698 1044; x_wconf 87' lang='lat' dir='ltr'>gaudia</span> <span class='ocrx_word' id='word_1_57' title='bbox 720 973 848 1043; x_wconf 85' lang='lat' dir='ltr'>votaque</span> <span class='ocrx_word' id='word_1_58' title='bbox 870 982 961 1042; x_wconf 86' lang='lat' dir='ltr'>saepe</span> 
     </span>
     <span class='ocr_line' id='line_1_10' title="bbox 195 1048 1021 1129; baseline -0.004 -19"><span class='ocrx_word' id='word_1_59' title='bbox 195 1050 243 1111; x_wconf 76' lang='lat' dir='ltr'>Ad</span> <span class='ocrx_word' id='word_1_60' title='bbox 265 1067 388 1129; x_wconf 90' lang='lat' dir='ltr'>spurcos</span> <span class='ocrx_word' id='word_1_61' title='bbox 404 1052 544 1129; x_wconf 87' lang='lat' dir='ltr'>decerpta</span> <span class='ocrx_word' id='word_1_62' title='bbox 563 1049 643 1110; x_wconf 91' lang='lat' dir='ltr'>lacus</span> <span class='ocrx_word' id='word_1_63' title='bbox 664 1058 751 1128; x_wconf 89' lang='lat' dir='ltr'>atque</span> <span class='ocrx_word' id='word_1_64' title='bbox 775 1048 841 1108; x_wconf 89' lang='lat' dir='ltr'>inde</span> <span class='ocrx_word' id='word_1_65' title='bbox 866 1049 975 1128; x_wconf 86' lang='lat' dir='ltr'>petitos</span> <span class='ocrx_word' id='word_1_66' title='bbox 1019 1077 1021 1082; x_wconf 96' lang='lat'>·</span> 
     </span>
     <span class='ocr_line' id='line_1_11' title="bbox 196 1132 948 1209; baseline -0.004 -14"><span class='ocrx_word' id='word_1_67' title='bbox 196 1134 369 1209; x_wconf 84' lang='lat' dir='ltr'>Pontifices,</span> <span class='ocrx_word' id='word_1_68' title='bbox 402 1132 512 1209; x_wconf 90' lang='lat' dir='ltr'>salios,</span> <span class='ocrx_word' id='word_1_69' title='bbox 536 1133 710 1194; x_wconf 83' lang='lat' dir='ltr'><strong>Scaurorum</strong></span> <span class='ocrx_word' id='word_1_70' title='bbox 733 1133 847 1192; x_wconf 92' lang='lat' dir='ltr'>nomina</span> <span class='ocrx_word' id='word_1_71' title='bbox 872 1132 948 1193; x_wconf 86' lang='lat' dir='ltr'>falso</span> 
     </span>
     <span class='ocr_line' id='line_1_12' title="bbox 197 1215 1008 1297; baseline -0.004 -20"><span class='ocrx_word' id='word_1_72' title='bbox 197 1216 332 1297; x_wconf 81' lang='lat' dir='ltr'>Corpore</span> <span class='ocrx_word' id='word_1_73' title='bbox 355 1217 476 1278; x_wconf 91' lang='lat' dir='ltr'>laturos.</span> <span class='ocrx_word' id='word_1_74' title='bbox 521 1218 583 1277; x_wconf 91' lang='lat' dir='ltr'>Stat</span> <span class='ocrx_word' id='word_1_75' title='bbox 604 1215 730 1277; x_wconf 84' lang='lat' dir='ltr'>Fortuna</span> <span class='ocrx_word' id='word_1_76' title='bbox 754 1216 886 1294; x_wconf 90' lang='lat' dir='ltr'>improba</span> <span class='ocrx_word' id='word_1_77' title='bbox 910 1224 1008 1291; x_wconf 90' lang='lat' dir='ltr'>noctu,</span> 
     </span>
     <span class='ocr_line' id='line_1_13' title="bbox 195 1299 941 1369; baseline -0.001 -8"><span class='ocrx_word' id='word_1_78' title='bbox 195 1300 337 1362; x_wconf 76' lang='lat' dir='ltr'>Arridens</span> <span class='ocrx_word' id='word_1_79' title='bbox 359 1300 443 1360; x_wconf 92' lang='lat' dir='ltr'>nudis</span> <span class='ocrx_word' id='word_1_80' title='bbox 464 1300 633 1369; x_wconf 75' lang='lat' dir='ltr'>infantibus:</span> <span class='ocrx_word' id='word_1_81' title='bbox 659 1300 713 1361; x_wconf 89' lang='lat' dir='ltr'>hos</span> <span class='ocrx_word' id='word_1_82' title='bbox 735 1299 817 1360; x_wconf 84' lang='lat' dir='ltr'>fovet</span> <span class='ocrx_word' id='word_1_83' title='bbox 839 1317 941 1360; x_wconf 91' lang='lat' dir='ltr'>omnes</span> 
     </span>
     <span class='ocr_line' id='line_1_14' title="bbox 195 1384 965 1465; baseline -0.004 -19"><span class='ocrx_word' id='word_1_84' title='bbox 195 1384 379 1465; x_wconf 79' lang='lat' dir='ltr'>Involvitque</span> <span class='ocrx_word' id='word_1_85' title='bbox 403 1387 478 1454; x_wconf 85' lang='lat' dir='ltr'>sinu;</span> <span class='ocrx_word' id='word_1_86' title='bbox 504 1384 638 1445; x_wconf 89' lang='lat' dir='ltr'>domibus</span> <span class='ocrx_word' id='word_1_87' title='bbox 659 1393 727 1445; x_wconf 93' lang='lat' dir='ltr'>tunc</span> <span class='ocrx_word' id='word_1_88' title='bbox 753 1385 878 1464; x_wconf 89' lang='lat' dir='ltr'>porrigit</span> <span class='ocrx_word' id='word_1_89' title='bbox 899 1385 965 1444; x_wconf 89' lang='lat' dir='ltr'>altis</span> 
     </span>
     <span class='ocr_line' id='line_1_15' title="bbox 198 1467 1061 1549; baseline -0.005 -20"><span class='ocrx_word' id='word_1_90' title='bbox 198 1471 411 1549; x_wconf 79' lang='lat' dir='ltr'>Secretumque</span> <span class='ocrx_word' id='word_1_91' title='bbox 433 1469 488 1529; x_wconf 89' lang='lat' dir='ltr'>sibi</span> <span class='ocrx_word' id='word_1_92' title='bbox 510 1470 624 1529; x_wconf 93' lang='lat' dir='ltr'>mimum</span> <span class='ocrx_word' id='word_1_93' title='bbox 647 1477 744 1547; x_wconf 88' lang='lat' dir='ltr'>parat;</span> <span class='ocrx_word' id='word_1_94' title='bbox 770 1468 824 1528; x_wconf 91' lang='lat' dir='ltr'>hos</span> <span class='ocrx_word' id='word_1_95' title='bbox 847 1477 939 1544; x_wconf 90' lang='lat' dir='ltr'>amat,</span> <span class='ocrx_word' id='word_1_96' title='bbox 960 1467 1004 1527; x_wconf 92' lang='lat' dir='ltr'>bis</span> <span class='ocrx_word' id='word_1_97' title='bbox 1027 1484 1061 1526; x_wconf 91' lang='lat' dir='ltr'>se</span> 
     </span>
     <span class='ocr_line' id='line_1_16' title="bbox 198 1551 1196 1632; baseline -0.001 -20"><span class='ocrx_word' id='word_1_98' title='bbox 198 1553 306 1631; x_wconf 82' lang='lat' dir='ltr'>ingerit</span> <span class='ocrx_word' id='word_1_99' title='bbox 329 1563 419 1632; x_wconf 90' lang='lat' dir='ltr'>utque</span> <span class='ocrx_word' id='word_1_100' title='bbox 443 1570 512 1613; x_wconf 88' lang='lat' dir='ltr'>auos</span> <span class='ocrx_word' id='word_1_101' title='bbox 527 1571 644 1632; x_wconf 88' lang='lat' dir='ltr'>semper</span> <span class='ocrx_word' id='word_1_102' title='bbox 656 1551 791 1632; x_wconf 91' lang='lat' dir='ltr'>producit</span> <span class='ocrx_word' id='word_1_103' title='bbox 812 1552 954 1612; x_wconf 90' lang='lat' dir='ltr'>alumnos.</span> <span class='ocrx_word' id='word_1_104' title='bbox 1193 1580 1196 1602; x_wconf 66' lang='grc' dir='ltr'>ι</span> 
     </span>
     <span class='ocr_line' id='line_1_17' title="bbox 195 1633 1200 1714; baseline -0.002 -18"><span class='ocrx_word' id='word_1_105' title='bbox 195 1636 250 1696; x_wconf 92' lang='lat' dir='ltr'>llic</span> <span class='ocrx_word' id='word_1_106' title='bbox 273 1638 406 1714; x_wconf 87' lang='lat' dir='ltr'>magicos</span> <span class='ocrx_word' id='word_1_107' title='bbox 430 1635 514 1696; x_wconf 86' lang='lat' dir='ltr'>allert</span> <span class='ocrx_word' id='word_1_108' title='bbox 538 1645 656 1712; x_wconf 91' lang='lat' dir='ltr'>cantus,</span> <span class='ocrx_word' id='word_1_109' title='bbox 678 1636 726 1696; x_wconf 89' lang='lat' dir='ltr'>hic</span> <span class='ocrx_word' id='word_1_110' title='bbox 748 1634 890 1697; x_wconf 82' lang='lat' dir='ltr'>l&#39;lressala</span> <span class='ocrx_word' id='word_1_111' title='bbox 911 1633 1011 1695; x_wconf 87' lang='lat' dir='ltr'>rendit</span> <span class='ocrx_word' id='word_1_112' title='bbox 1139 1635 1200 1695; x_wconf 50' lang='lat'>6101*</span> 
     </span>
     <span class='ocr_line' id='line_1_18' title="bbox 197 1718 1198 1799; baseline -0.001 -20"><span class='ocrx_word' id='word_1_113' title='bbox 197 1719 325 1794; x_wconf 88' lang='lat' dir='ltr'>Philtra,</span> <span class='ocrx_word' id='word_1_114' title='bbox 349 1718 454 1799; x_wconf 89' lang='lat' dir='ltr'>quibus</span> <span class='ocrx_word' id='word_1_115' title='bbox 475 1719 572 1779; x_wconf 84' lang='lat' dir='ltr'>valeat</span> <span class='ocrx_word' id='word_1_116' title='bbox 593 1727 718 1780; x_wconf 88' lang='lat' dir='ltr'>mentem</span> <span class='ocrx_word' id='word_1_117' title='bbox 740 1738 851 1779; x_wconf 86' lang='lat' dir='ltr'>vexare</span> <span class='ocrx_word' id='word_1_118' title='bbox 870 1720 965 1780; x_wconf 93' lang='lat' dir='ltr'>mariti</span> <span class='ocrx_word' id='word_1_119' title='bbox 1197 1731 1198 1735; x_wconf 76' lang='grc'>’</span> 
     </span>
     <span class='ocr_line' id='line_1_19' title="bbox 196 1801 1039 1883; baseline -0.004 -21"><span class='ocrx_word' id='word_1_120' title='bbox 196 1802 234 1862; x_wconf 86' lang='lat' dir='ltr'>Et</span> <span class='ocrx_word' id='word_1_121' title='bbox 257 1801 340 1862; x_wconf 88' lang='lat' dir='ltr'>solea</span> <span class='ocrx_word' id='word_1_122' title='bbox 365 1802 484 1881; x_wconf 88' lang='lat' dir='ltr'>pulsare</span> <span class='ocrx_word' id='word_1_123' title='bbox 508 1811 606 1876; x_wconf 87' lang='lat' dir='ltr'>nates;</span> <span class='ocrx_word' id='word_1_124' title='bbox 633 1803 712 1883; x_wconf 93' lang='lat' dir='ltr'>quod</span> <span class='ocrx_word' id='word_1_125' title='bbox 738 1803 864 1882; x_wconf 87' lang='lat' dir='ltr'>desipis,</span> <span class='ocrx_word' id='word_1_126' title='bbox 892 1803 959 1863; x_wconf 88' lang='lat' dir='ltr'>inde</span> <span class='ocrx_word' id='word_1_127' title='bbox 979 1810 1039 1869; x_wconf 86' lang='lat' dir='ltr'>est;</span> 
     </span>
     <span class='ocr_line' id='line_1_20' title="bbox 197 1885 1200 1965; baseline 0 -19"><span class='ocrx_word' id='word_1_128' title='bbox 197 1886 269 1946; x_wconf 89' lang='lat' dir='ltr'>lnde</span> <span class='ocrx_word' id='word_1_129' title='bbox 293 1887 380 1946; x_wconf 92' lang='lat' dir='ltr'>animi</span> <span class='ocrx_word' id='word_1_130' title='bbox 406 1885 503 1964; x_wconf 91' lang='lat' dir='ltr'>caligo</span> <span class='ocrx_word' id='word_1_131' title='bbox 530 1897 560 1947; x_wconf 88' lang='lat' dir='ltr'>et</span> <span class='ocrx_word' id='word_1_132' title='bbox 583 1904 688 1965; x_wconf 88' lang='lat' dir='ltr'>magna</span> <span class='ocrx_word' id='word_1_133' title='bbox 711 1887 820 1948; x_wconf 86' lang='lat' dir='ltr'>oblivio</span> <span class='ocrx_word' id='word_1_134' title='bbox 841 1906 949 1963; x_wconf 89' lang='lat' dir='ltr'>rernm,</span> <span class='ocrx_word' id='word_1_135' title='bbox 1199 1947 1200 1954; x_wconf 38' lang='lat'>,</span> 
     </span>
     <span class='ocr_line' id='line_1_21' title="bbox 199 1965 1204 2048; baseline -0.002 -19"><span class='ocrx_word' id='word_1_136' title='bbox 199 1969 278 2043; x_wconf 85' lang='lat' dir='ltr'>Quas</span> <span class='ocrx_word' id='word_1_137' title='bbox 299 1969 386 2030; x_wconf 93' lang='lat' dir='ltr'>modo</span> <span class='ocrx_word' id='word_1_138' title='bbox 409 1971 539 2048; x_wconf 79' lang='lat' dir='ltr'>gessisti.</span> <span class='ocrx_word' id='word_1_139' title='bbox 585 1970 694 2032; x_wconf 85' lang='lat' dir='ltr'>&#39;lamen</span> <span class='ocrx_word' id='word_1_140' title='bbox 713 1971 771 2032; x_wconf 89' lang='lat' dir='ltr'>hoc</span> <span class='ocrx_word' id='word_1_141' title='bbox 795 1971 968 2047; x_wconf 85' lang='lat' dir='ltr'>tolerabile,</span> <span class='ocrx_word' id='word_1_142' title='bbox 990 1969 1015 2028; x_wconf 92' lang='lat' dir='ltr'>si</span> <span class='ocrx_word' id='word_1_143' title='bbox 1037 1985 1097 2028; x_wconf 89' lang='lat' dir='ltr'>non</span> <span class='ocrx_word' id='word_1_144' title='bbox 1200 1965 1204 1992; x_wconf 52' lang='lat'>¹*</span> 
     </span>
     <span class='ocr_line' id='line_1_22' title="bbox 197 2052 1183 2133; baseline -0.002 -19"><span class='ocrx_word' id='word_1_145' title='bbox 197 2052 235 2114; x_wconf 84' lang='lat' dir='ltr'>Et</span> <span class='ocrx_word' id='word_1_146' title='bbox 250 2053 356 2114; x_wconf 76' lang='lat' dir='ltr'>iurene</span> <span class='ocrx_word' id='word_1_147' title='bbox 378 2055 518 2133; x_wconf 81' lang='lat' dir='ltr'>incipias,</span> <span class='ocrx_word' id='word_1_148' title='bbox 541 2064 572 2114; x_wconf 92' lang='lat' dir='ltr'>ut</span> <span class='ocrx_word' id='word_1_149' title='bbox 593 2056 751 2116; x_wconf 91' lang='lat' dir='ltr'>avunculus</span> <span class='ocrx_word' id='word_1_150' title='bbox 774 2055 825 2116; x_wconf 88' lang='lat' dir='ltr'>ille</span> <span class='ocrx_word' id='word_1_151' title='bbox 848 2055 984 2130; x_wconf 85' lang='lat' dir='ltr'>Neronis,</span> <span class='ocrx_word' id='word_1_152' title='bbox 1140 2061 1183 2114; x_wconf 80' lang='lat'>615</span> 
     </span>
     <span class='ocr_line' id='line_1_23' title="bbox 199 2135 911 2218; baseline 0.001 -22"><span class='ocrx_word' id='word_1_153' title='bbox 199 2135 253 2196; x_wconf 82' lang='lat' dir='ltr'>(lui</span> <span class='ocrx_word' id='word_1_154' title='bbox 274 2147 363 2197; x_wconf 92' lang='lat' dir='ltr'>totam</span> <span class='ocrx_word' id='word_1_155' title='bbox 385 2139 500 2198; x_wconf 86' lang='lat' dir='ltr'>tremuli</span> <span class='ocrx_word' id='word_1_156' title='bbox 522 2140 648 2200; x_wconf 80' lang='lat' dir='ltr'>frontem</span> <span class='ocrx_word' id='word_1_157' title='bbox 670 2136 814 2200; x_wconf 75' lang='lat' dir='ltr'>Caesonia</span> <span class='ocrx_word' id='word_1_158' title='bbox 837 2139 911 2218; x_wconf 91' lang='lat' dir='ltr'>pulli</span> 
     </span>
     <span class='ocr_line' id='line_1_24' title="bbox 197 2218 1014 2303; baseline 0.001 -24"><span class='ocrx_word' id='word_1_159' title='bbox 197 2220 321 2281; x_wconf 83' lang='lat' dir='ltr'>lniudit:</span> <span class='ocrx_word' id='word_1_160' title='bbox 346 2239 421 2299; x_wconf 86' lang='lat' dir='ltr'>quae</span> <span class='ocrx_word' id='word_1_161' title='bbox 444 2239 502 2281; x_wconf 91' lang='lat' dir='ltr'>non</span> <span class='ocrx_word' id='word_1_162' title='bbox 528 2222 634 2298; x_wconf 84' lang='lat' dir='ltr'>faciet,</span> <span class='ocrx_word' id='word_1_163' title='bbox 657 2223 735 2303; x_wconf 95' lang='lat' dir='ltr'>quod</span> <span class='ocrx_word' id='word_1_164' title='bbox 759 2224 899 2301; x_wconf 90' lang='lat' dir='ltr'>principis</span> <span class='ocrx_word' id='word_1_165' title='bbox 920 2218 1014 2282; x_wconf 79' lang='lat' dir='ltr'>uxor?</span> 
     </span>
     <span class='ocr_line' id='line_1_25' title="bbox 198 2302 961 2385; baseline 0.003 -21"><span class='ocrx_word' id='word_1_166' title='bbox 198 2302 349 2364; x_wconf 81' lang='lat' dir='ltr'>Ardebant</span> <span class='ocrx_word' id='word_1_167' title='bbox 371 2314 475 2364; x_wconf 91' lang='lat' dir='ltr'>cuncta</span> <span class='ocrx_word' id='word_1_168' title='bbox 497 2314 527 2365; x_wconf 88' lang='lat' dir='ltr'>et</span> <span class='ocrx_word' id='word_1_169' title='bbox 547 2306 641 2366; x_wconf 84' lang='lat' dir='ltr'>fracta</span> <span class='ocrx_word' id='word_1_170' title='bbox 663 2323 806 2385; x_wconf 90' lang='lat' dir='ltr'>compage</span> <span class='ocrx_word' id='word_1_171' title='bbox 828 2305 961 2382; x_wconf 87' lang='lat' dir='ltr'>mebant,</span> 
     </span>
     <span class='ocr_line' id='line_1_26' title="bbox 198 2385 923 2467; baseline 0.003 -20"><span class='ocrx_word' id='word_1_172' title='bbox 198 2386 264 2447; x_wconf 88' lang='lat' dir='ltr'>Non</span> <span class='ocrx_word' id='word_1_173' title='bbox 287 2385 373 2446; x_wconf 89' lang='lat' dir='ltr'>aliter</span> <span class='ocrx_word' id='word_1_174' title='bbox 400 2405 486 2467; x_wconf 95' lang='lat' dir='ltr'>quam</span> <span class='ocrx_word' id='word_1_175' title='bbox 508 2389 534 2446; x_wconf 88' lang='lat' dir='ltr'>si</span> <span class='ocrx_word' id='word_1_176' title='bbox 556 2389 679 2449; x_wconf 88' lang='lat' dir='ltr'>iecisset</span> <span class='ocrx_word' id='word_1_177' title='bbox 700 2388 771 2449; x_wconf 92' lang='lat' dir='ltr'>luno</span> <span class='ocrx_word' id='word_1_178' title='bbox 793 2390 923 2448; x_wconf 90' lang='lat' dir='ltr'>maritum</span> 
     </span>
     <span class='ocr_line' id='line_1_27' title="bbox 198 2468 1185 2552; baseline 0.002 -22"><span class='ocrx_word' id='word_1_179' title='bbox 198 2470 343 2530; x_wconf 87' lang='lat' dir='ltr'>Insanum.</span> <span class='ocrx_word' id='word_1_180' title='bbox 386 2468 481 2530; x_wconf 87' lang='lat' dir='ltr'>llinus</span> <span class='ocrx_word' id='word_1_181' title='bbox 506 2489 579 2550; x_wconf 89' lang='lat' dir='ltr'>ergo</span> <span class='ocrx_word' id='word_1_182' title='bbox 601 2489 712 2532; x_wconf 89' lang='lat' dir='ltr'>nocens</span> <span class='ocrx_word' id='word_1_183' title='bbox 741 2474 796 2534; x_wconf 88' lang='lat' dir='ltr'>erit</span> <span class='ocrx_word' id='word_1_184' title='bbox 818 2473 999 2552; x_wconf 78' lang='lat' dir='ltr'>Agrippinae</span> <span class='ocrx_word' id='word_1_185' title='bbox 1141 2481 1185 2535; x_wconf 80' lang='lat' dir='ltr'>tto</span> 
     </span>
     <span class='ocr_line' id='line_1_28' title="bbox 198 2553 933 2637; baseline 0.001 -23"><span class='ocrx_word' id='word_1_186' title='bbox 198 2553 335 2614; x_wconf 90' lang='lat' dir='ltr'>Boletos:</span> <span class='ocrx_word' id='word_1_187' title='bbox 357 2554 500 2633; x_wconf 88' lang='lat' dir='ltr'>siquidem</span> <span class='ocrx_word' id='word_1_188' title='bbox 521 2558 603 2617; x_wconf 88' lang='lat' dir='ltr'>unius</span> <span class='ocrx_word' id='word_1_189' title='bbox 628 2558 802 2637; x_wconf 87' lang='lat' dir='ltr'>praecordia</span> <span class='ocrx_word' id='word_1_190' title='bbox 824 2558 933 2635; x_wconf 88' lang='lat' dir='ltr'>pressit</span> 
     </span>
     <span class='ocr_line' id='line_1_29' title="bbox 198 2636 1009 2720; baseline 0.002 -24"><span class='ocrx_word' id='word_1_191' title='bbox 198 2636 254 2697; x_wconf 89' lang='lat' dir='ltr'>llle</span> <span class='ocrx_word' id='word_1_192' title='bbox 277 2637 355 2696; x_wconf 89' lang='lat' dir='ltr'>senis</span> <span class='ocrx_word' id='word_1_193' title='bbox 378 2638 590 2720; x_wconf 89' lang='lat' dir='ltr'>tremulumque</span> <span class='ocrx_word' id='word_1_194' title='bbox 613 2650 699 2720; x_wconf 91' lang='lat' dir='ltr'>eaput</span> <span class='ocrx_word' id='word_1_195' title='bbox 718 2641 902 2702; x_wconf 77' lang='lat' dir='ltr'>descendere</span> <span class='ocrx_word' id='word_1_196' title='bbox 925 2640 1009 2700; x_wconf 90' lang='lat' dir='ltr'>iussit</span> 
     </span>
     <span class='ocr_line' id='line_1_30' title="bbox 198 2720 923 2802; baseline 0.008 -23"><span class='ocrx_word' id='word_1_197' title='bbox 198 2720 232 2780; x_wconf 92' lang='lat' dir='ltr'>In</span> <span class='ocrx_word' id='word_1_198' title='bbox 253 2720 368 2781; x_wconf 89' lang='lat' dir='ltr'>coelum</span> <span class='ocrx_word' id='word_1_199' title='bbox 391 2731 420 2781; x_wconf 89' lang='lat' dir='ltr'>et</span> <span class='ocrx_word' id='word_1_200' title='bbox 440 2722 528 2802; x_wconf 88' lang='lat' dir='ltr'>longa</span> <span class='ocrx_word' id='word_1_201' title='bbox 551 2728 692 2787; x_wconf 92' lang='lat' dir='ltr'>manantia</span> <span class='ocrx_word' id='word_1_202' title='bbox 715 2725 796 2786; x_wconf 92' lang='lat' dir='ltr'>labra</span> <span class='ocrx_word' id='word_1_203' title='bbox 817 2724 923 2792; x_wconf 89' lang='lat' dir='ltr'>saliva;</span> 
     </span>
     <span class='ocr_line' id='line_1_31' title="bbox 199 2803 1119 2888; baseline 0.005 -25"><span class='ocrx_word' id='word_1_204' title='bbox 199 2803 280 2864; x_wconf 85' lang='lat' dir='ltr'>llaec</span> <span class='ocrx_word' id='word_1_205' title='bbox 302 2807 399 2883; x_wconf 90' lang='lat' dir='ltr'>poscit</span> <span class='ocrx_word' id='word_1_206' title='bbox 418 2805 526 2868; x_wconf 87' lang='lat' dir='ltr'>ierrum</span> <span class='ocrx_word' id='word_1_207' title='bbox 549 2819 635 2888; x_wconf 88' lang='lat' dir='ltr'>atque</span> <span class='ocrx_word' id='word_1_208' title='bbox 659 2811 758 2888; x_wconf 88' lang='lat' dir='ltr'>ignes,</span> <span class='ocrx_word' id='word_1_209' title='bbox 786 2809 861 2869; x_wconf 89' lang='lat' dir='ltr'>haec</span> <span class='ocrx_word' id='word_1_210' title='bbox 885 2809 965 2886; x_wconf 92' lang='lat' dir='ltr'>potio</span> <span class='ocrx_word' id='word_1_211' title='bbox 989 2816 1119 2887; x_wconf 89' lang='lat' dir='ltr'>torquet,</span> 
     </span>
     <span class='ocr_line' id='line_1_32' title="bbox 199 2887 1187 2973; baseline 0.002 -25"><span class='ocrx_word' id='word_1_212' title='bbox 199 2887 280 2949; x_wconf 88' lang='lat' dir='ltr'>llaec</span> <span class='ocrx_word' id='word_1_213' title='bbox 303 2888 415 2949; x_wconf 90' lang='lat' dir='ltr'>lacerat</span> <span class='ocrx_word' id='word_1_214' title='bbox 436 2891 542 2953; x_wconf 84' lang='lat' dir='ltr'>mixtos</span> <span class='ocrx_word' id='word_1_215' title='bbox 566 2895 692 2973; x_wconf 92' lang='lat' dir='ltr'>equitum</span> <span class='ocrx_word' id='word_1_216' title='bbox 716 2911 780 2954; x_wconf 90' lang='lat' dir='ltr'>cum</span> <span class='ocrx_word' id='word_1_217' title='bbox 800 2893 941 2970; x_wconf 89' lang='lat' dir='ltr'>sangnine</span> <span class='ocrx_word' id='word_1_218' title='bbox 967 2899 1078 2971; x_wconf 89' lang='lat' dir='ltr'>patres.</span> <span class='ocrx_word' id='word_1_219' title='bbox 1142 2900 1187 2953; x_wconf 74' lang='lat' dir='ltr'>tte</span> 
     </span>
     <span class='ocr_line' id='line_1_33' title="bbox 199 2969 1014 3053; baseline 0.007 -23"><span class='ocrx_word' id='word_1_220' title='bbox 199 2969 283 3032; x_wconf 82' lang='lat' dir='ltr'>l&#39;anti</span> <span class='ocrx_word' id='word_1_221' title='bbox 306 2983 405 3050; x_wconf 92' lang='lat' dir='ltr'>partus</span> <span class='ocrx_word' id='word_1_222' title='bbox 428 2991 541 3053; x_wconf 87' lang='lat' dir='ltr'>cquae,</span> <span class='ocrx_word' id='word_1_223' title='bbox 563 2979 633 3036; x_wconf 93' lang='lat' dir='ltr'>tanti</span> <span class='ocrx_word' id='word_1_224' title='bbox 657 2995 712 3037; x_wconf 94' lang='lat' dir='ltr'>una</span> <span class='ocrx_word' id='word_1_225' title='bbox 732 2976 865 3036; x_wconf 85' lang='lat' dir='ltr'>venefica</span> <span class='ocrx_word' id='word_1_226' title='bbox 886 2975 1014 3036; x_wconf 89' lang='lat' dir='ltr'>constat!</span> 
     </span>
    </p>

    <p class='ocr_par' dir='ltr' id='par_1_3' title="bbox 200 3052 1190 3557">
     <span class='ocr_line' id='line_1_34' title="bbox 244 3052 974 3137; baseline 0.01 -24"><span class='ocrx_word' id='word_1_227' title='bbox 244 3052 374 3115; x_wconf 88' lang='lat' dir='ltr'>Oderunt</span> <span class='ocrx_word' id='word_1_228' title='bbox 397 3064 481 3116; x_wconf 90' lang='lat' dir='ltr'>natos</span> <span class='ocrx_word' id='word_1_229' title='bbox 503 3058 540 3118; x_wconf 89' lang='lat' dir='ltr'>de</span> <span class='ocrx_word' id='word_1_230' title='bbox 562 3060 689 3137; x_wconf 87' lang='lat' dir='ltr'>pellice;</span> <span class='ocrx_word' id='word_1_231' title='bbox 712 3077 797 3120; x_wconf 87' lang='lat' dir='ltr'>nemo</span> <span class='ocrx_word' id='word_1_232' title='bbox 819 3069 974 3137; x_wconf 88' lang='lat' dir='ltr'>repugnet,</span> 
     </span>
     <span class='ocr_line' id='line_1_35' title="bbox 200 3137 1070 3221; baseline 0.003 -23"><span class='ocrx_word' id='word_1_233' title='bbox 200 3137 294 3198; x_wconf 87' lang='lat' dir='ltr'>Nemo</span> <span class='ocrx_word' id='word_1_234' title='bbox 317 3146 412 3206; x_wconf 77' lang='lat' dir='ltr'>vetet:</span> <span class='ocrx_word' id='word_1_235' title='bbox 437 3140 493 3198; x_wconf 92' lang='lat' dir='ltr'>iam</span> <span class='ocrx_word' id='word_1_236' title='bbox 516 3143 571 3202; x_wconf 86' lang='lat' dir='ltr'>iam</span> <span class='ocrx_word' id='word_1_237' title='bbox 594 3144 756 3221; x_wconf 88' lang='lat' dir='ltr'>privignum</span> <span class='ocrx_word' id='word_1_238' title='bbox 780 3141 918 3203; x_wconf 88' lang='lat' dir='ltr'>occidere</span> <span class='ocrx_word' id='word_1_239' title='bbox 940 3143 985 3203; x_wconf 88' lang='lat' dir='ltr'>ias</span> <span class='ocrx_word' id='word_1_240' title='bbox 1010 3150 1070 3214; x_wconf 87' lang='lat' dir='ltr'>est;</span> 
     </span>
     <span class='ocr_line' id='line_1_36' title="bbox 200 3221 1075 3305; baseline 0.005 -25"><span class='ocrx_word' id='word_1_241' title='bbox 200 3221 262 3280; x_wconf 90' lang='lat' dir='ltr'>Vos</span> <span class='ocrx_word' id='word_1_242' title='bbox 287 3237 363 3298; x_wconf 87' lang='lat' dir='ltr'>ego,</span> <span class='ocrx_word' id='word_1_243' title='bbox 385 3221 504 3300; x_wconf 90' lang='lat' dir='ltr'>pupilli,</span> <span class='ocrx_word' id='word_1_244' title='bbox 528 3243 650 3303; x_wconf 86' lang='lat' dir='ltr'>moneo,</span> <span class='ocrx_word' id='word_1_245' title='bbox 675 3226 778 3305; x_wconf 90' lang='lat' dir='ltr'>quibus</span> <span class='ocrx_word' id='word_1_246' title='bbox 801 3226 994 3304; x_wconf 80' lang='lat' dir='ltr'>ampliorast</span> <span class='ocrx_word' id='word_1_247' title='bbox 1016 3244 1075 3302; x_wconf 89' lang='lat' dir='ltr'>res,</span> 
     </span>
     <span class='ocr_line' id='line_1_37' title="bbox 202 3301 1190 3373; baseline 0.004 -10"><span class='ocrx_word' id='word_1_248' title='bbox 202 3301 355 3363; x_wconf 85' lang='lat' dir='ltr'>Gustodite</span> <span class='ocrx_word' id='word_1_249' title='bbox 376 3304 485 3366; x_wconf 90' lang='lat' dir='ltr'>animas</span> <span class='ocrx_word' id='word_1_250' title='bbox 509 3318 539 3368; x_wconf 88' lang='lat' dir='ltr'>ct</span> <span class='ocrx_word' id='word_1_251' title='bbox 560 3310 630 3370; x_wconf 91' lang='lat' dir='ltr'>nulli</span> <span class='ocrx_word' id='word_1_252' title='bbox 651 3310 764 3370; x_wconf 89' lang='lat' dir='ltr'>credite</span> <span class='ocrx_word' id='word_1_253' title='bbox 786 3326 919 3373; x_wconf 86' lang='lat' dir='ltr'>mensae:</span> <span class='ocrx_word' id='word_1_254' title='bbox 1141 3314 1190 3370; x_wconf 79' lang='lat'>63⁰</span> 
     </span>
     <span class='ocr_line' id='line_1_38' title="bbox 201 3385 878 3472; baseline 0.009 -27"><span class='ocrx_word' id='word_1_255' title='bbox 201 3385 300 3446; x_wconf 84' lang='lat' dir='ltr'>livida</span> <span class='ocrx_word' id='word_1_256' title='bbox 325 3395 455 3446; x_wconf 88' lang='lat' dir='ltr'>materno</span> <span class='ocrx_word' id='word_1_257' title='bbox 478 3391 593 3453; x_wconf 82' lang='lat' dir='ltr'>fervent</span> <span class='ocrx_word' id='word_1_258' title='bbox 615 3393 729 3472; x_wconf 88' lang='lat' dir='ltr'>adipata</span> <span class='ocrx_word' id='word_1_259' title='bbox 751 3410 878 3454; x_wconf 86' lang='lat' dir='ltr'>veneno.</span> 
     </span>
     <span class='ocr_line' id='line_1_39' title="bbox 204 3467 1021 3557; baseline -0.001 -20"><span class='ocrx_word' id='word_1_260' title='bbox 204 3467 351 3548; x_wconf 77' lang='lat' dir='ltr'>{Mordeat</span> <span class='ocrx_word' id='word_1_261' title='bbox 372 3479 439 3530; x_wconf 91' lang='lat' dir='ltr'>ante</span> <span class='ocrx_word' id='word_1_262' title='bbox 464 3476 584 3554; x_wconf 90' lang='lat' dir='ltr'>aliquis,</span> <span class='ocrx_word' id='word_1_263' title='bbox 613 3477 750 3556; x_wconf 90' lang='lat' dir='ltr'>quidquid</span> <span class='ocrx_word' id='word_1_264' title='bbox 773 3477 940 3557; x_wconf 86' lang='lat' dir='ltr'>porrexerit</span> <span class='ocrx_word' id='word_1_265' title='bbox 960 3475 1021 3553; x_wconf 91' lang='lat' dir='ltr'>illa,</span> 
     </span>
    </p>
   </div>
   <div class='ocr_carea' id='block_1_3' title="bbox 0 0 1228 3994">
    <p class='ocr_par' dir='ltr' id='par_1_4' title="bbox 0 0 1228 3994">
     <span class='ocr_line' id='line_1_40' title="bbox 0 0 1228 3994; baseline 0 0"><span class='ocrx_word' id='word_1_266' title='bbox 0 0 1228 3994; x_wconf 95' lang='lat' dir='ltr'> </span> 
     </span>
    </p>
   </div>
  </div>
 </body>
</html>
