2438 3994
214 249 255 312 48
541 259 575 304 D.
595 258 664 305 IUN.
682 256 867 304 IUVENALIS

215 399 271 472 Qui
293 398 376 458 locus
396 396 529 472 iugenio,
553 395 606 454 nisi
629 412 714 473 quarm
737 413 770 453 sc
791 395 917 453 carmine
938 393 1004 454 solo

213 483 329 542 Vexent
351 489 380 540 et
401 480 523 540 dominis
546 475 667 537 Cirrhae
688 476 845 556 Nysaeque
867 478 999 538 feruntur

214 566 337 625 Pectora
359 572 474 639 vestra,
499 563 569 623 duas
590 579 647 621 uon
671 561 847 622 admittentia
870 559 976 622 curas?
1173 574 1196 627 aa

213 648 336 725 Nagnae
357 648 460 707 mentis
482 663 554 725 opus
576 662 632 705 nee
654 642 691 703 de
713 644 810 705 lodice
831 646 960 724 paranda

213 733 378 808 Attonitae,
401 748 502 792 currus
524 739 554 790 et
576 745 668 808 equos
688 728 839 808 faciesque
860 728 981 789 deorum

213 815 359 894 Aspieere
394 823 423 874 et
445 813 538 892 qualis
559 813 693 873 Rutulum
715 813 872 874 confundat
893 811 1009 887 Erinys.

213 898 285 959 Nam
309 899 334 957 si
353 897 485 975 Vergilio
507 915 580 976 puer
601 905 631 956 et
648 896 803 957 tolerabile
824 896 947 957 deesset

213 982 390 1061 Hospitium,
414 981 553 1040 caderent
575 998 675 1040 omnes
698 999 714 1040 a
739 980 865 1041 crinibus
887 981 986 1055 hydri余
1172 993 1196 1046 tt

214 1066 307 1127 Surda
329 1065 398 1124 nihil
420 1075 552 1141 gemeret
569 1080 660 1141 grave
679 1063 817 1132 buceiua余
840 1065 1006 1143 poscimus,
1030 1073 1061 1124 ut
1085 1067 1125 1125 sit

212 1148 279 1209 Non
300 1150 392 1208 minor
414 1149 529 1226 antiquo
552 1147 705 1208 Rubrenus
725 1146 826 1226 Lappa
848 1148 1002 1225 cothurno,

214 1231 303 1293 Guius
326 1241 355 1292 et
376 1231 510 1292 alveolos
535 1241 565 1292 ct
586 1232 697 1293 laenam
717 1232 851 1309 pignerat
872 1229 1003 1292 Atreus?

214 1317 279 1376 Non
301 1315 390 1375 habet
412 1315 512 1375 infelix
533 1314 681 1392 Numitor,
704 1316 785 1395 quod
805 1317 897 1376 mittat
919 1317 1031 1376 amieo:

213 1399 372 1474 Quintillae
392 1399 469 1477 quod
492 1400 596 1476 donet,
619 1399 723 1463 habet:
747 1417 803 1459 nee
824 1399 916 1460 defuit
934 1399 987 1476 illi,
1172 1409 1196 1463 u

213 1485 296 1545 Unde
319 1493 431 1543 emeret
449 1483 536 1544 multa
559 1483 737 1562 pascendum
759 1502 846 1543 earne
867 1483 984 1544 leonem

213 1568 271 1629 lam
294 1566 447 1627 domitum:
469 1577 582 1627 constat
602 1567 707 1627 leviori
729 1566 826 1627 bellua
850 1576 963 1646 sumptu

212 1651 367 1728 Nimirum,
390 1660 419 1710 et
440 1652 555 1729 capiunt
574 1651 640 1729 plus
660 1652 794 1711 intestina
817 1659 934 1729 poetae.

215 1734 373 1796 Contentus
397 1733 472 1794 fama
494 1736 590 1795 iaceat
611 1733 741 1794 Lucanus
763 1735 791 1794 in
813 1734 906 1795 hortis

215 1818 401 1878 Narmoreis:
426 1826 455 1876 at
474 1818 601 1878 Serrano
621 1819 758 1895 tenuique
779 1819 878 1879 Saleio
1171 1829 1195 1882 80

216 1900 314 1962 Gloria
336 1901 516 1982 quantalibet
537 1902 605 1980 quid
621 1903 693 1980 erit,
716 1904 743 1962 si
765 1902 861 1980 gloria
884 1910 991 1962 tautum
1012 1900 1079 1964 est?

215 1983 344 2056 Curritur
366 1985 401 2046 ad
421 2002 525 2046 vocem
547 1986 698 2047 ineundam
720 1996 750 2046 et
771 2003 889 2047 carmen
910 1987 1021 2046 amicae

214 2069 401 2147 Thebaidos,
424 2068 527 2130 laetam
549 2086 634 2148 quum
656 2069 727 2130 feeit
749 2071 856 2130 Statius
878 2069 980 2130 urbem

215 2153 408 2232 Promisitqoe
427 2153 516 2214 diem:
540 2163 617 2214 tanta
640 2154 795 2215 dulcedine
816 2163 919 2233 captos

215 2237 316 2296 Affreit
337 2238 387 2297 ille
410 2239 537 2313 animos,
559 2246 694 2316 tantaque
717 2238 836 2298 libidine
857 2236 937 2314 vulgi
1166 2247 1192 2300 at

215 2321 351 2388 Auditum
375 2320 428 2380 sed
451 2339 536 2399 quum
558 2320 647 2397 fregit
668 2320 809 2381 subsellia
829 2339 928 2396 versu,

216 2403 332 2479 Esurit,
354 2404 489 2464 intactam
511 2403 604 2463 Paridi
626 2405 680 2463 nisi
701 2403 799 2464 vendit
820 2404 952 2482 Agaven.

216 2486 270 2547 llle
293 2495 322 2546 et
340 2486 458 2546 militiae
479 2487 575 2546 multis
597 2487 718 2565 largitus
738 2487 878 2548 honorem

217 2571 377 2630 Semenstri
399 2569 507 2647 digitos
530 2579 626 2631 vatum
650 2572 830 2650 circumligat
853 2590 933 2632 auro.

217 2653 302 2726 Quod
324 2671 382 2714 non
404 2654 472 2715 dant
492 2672 652 2733 proceres,
675 2655 753 2717 dabit
773 2657 891 2716 histrio:
911 2664 942 2715 tu
962 2651 1131 2716 Camerinos
1166 2665 1191 2718 tt

216 2736 253 2797 Et
273 2737 411 2815 boream,
434 2747 464 2798 tu
482 2738 622 2800 nobilium
643 2758 746 2817 magna
767 2742 839 2800 atria
861 2736 968 2799 curasi

215 2821 386 2882 Praefectos
406 2821 535 2902 Pelopea
557 2823 642 2899 facit,
668 2824 826 2885 Philomela
848 2823 988 2884 tribunos.

215 2903 298 2966 Haud
319 2915 414 2965 tamen
436 2907 568 2967 invideas
589 2909 663 2985 vati,
687 2925 771 2986 quem
794 2907 904 2986 pulpita
926 2915 1058 2985 pascunt.

217 2987 289 3063 Quis
310 2989 361 3049 tibi
375 2988 548 3066 blaeeenas,
569 2993 632 3069 quis
656 3009 732 3051 nunc
754 2993 809 3051 erit
824 3001 873 3053 aut
894 2989 1067 3051 Proculeius

217 3072 275 3131 hut
296 3071 422 3133 Fabius?
445 3075 508 3152 quis
532 3071 616 3134 Getta
638 3076 756 3150 iterum,
779 3077 844 3154 quis
864 3072 1002 3136 Lentulus
1023 3073 1118 3135 alter?
1164 3082 1189 3137 95

216 3155 298 3216 Tune
316 3175 370 3235 par
391 3157 508 3234 ingenio
530 3159 668 3236 pretium余
692 3167 760 3218 tune
782 3160 853 3219 utile
874 3159 970 3218 multis

217 3239 332 3299 Pallere
354 3249 384 3299 et
405 3242 500 3300 vinum
520 3250 582 3301 toto
603 3242 719 3312 nescire
741 3241 908 3307 Decembri.

257 3322 365 3382 Vester
384 3340 473 3401 porro
494 3324 578 3384 labor
599 3324 767 3401 fecundior,
789 3325 972 3386 historiarum
1201 3315 1202 3384 l

216 3403 407 3481 Scriptores?
428 3408 500 3486 petit
521 3408 569 3468 hie
590 3408 655 3487 plus
677 3411 818 3488 temporis
839 3400 925 3489 atque
946 3410 1006 3470 olei
1028 3409 1109 3488 plus余
1201 3391 1202 3482 l

217 3486 303 3547 Nullo
324 3489 432 3568 quippe
452 3492 538 3552 modo
560 3492 713 3553 millesima
734 3496 838 3573 pagina
860 3495 952 3571 surgit
1150 3499 1188 3554 tut
