<?xml version="1.0" encoding="UTF-8"?>
<!DOCTYPE html PUBLIC "-//W3C//DTD XHTML 1.0 Transitional//EN"
    "http://www.w3.org/TR/xhtml1/DTD/xhtml1-transitional.dtd">
<html xmlns="http://www.w3.org/1999/xhtml" xml:lang="en" lang="en">
 <head>
  <title>
</title>
<meta http-equiv="Content-Type" content="text/html;charset=utf-8" />
  <meta name='ocr-system' content='tesseract 3.04.00' />
  <meta name='ocr-capabilities' content='ocr_page ocr_carea ocr_par ocr_line ocrx_word'/>
</head>
<body>
  <div class='ocr_page' id='page_1' title='image "./satirarumlibriq02juvegoog_0102.png"; bbox 0 0 2438 3994; ppageno 0'>
   <div class='ocr_carea' id='block_1_1' title="bbox 400 283 582 332">
    <p class='ocr_par' dir='ltr' id='par_1_1' title="bbox 400 283 582 332">
     <span class='ocr_line' id='line_1_1' title="bbox 400 283 582 332; baseline -0.016 0"><span class='ocrx_word' id='word_1_1' title='bbox 400 283 525 332; x_wconf 69' lang='lat' dir='ltr'><strong>suumn</strong></span> <span class='ocrx_word' id='word_1_2' title='bbox 547 283 582 330; x_wconf 88' lang='lat' dir='ltr'><strong>X.</strong></span> 
     </span>
    </p>
   </div>
   <div class='ocr_carea' id='block_1_2' title="bbox 8 421 1004 3518">
    <p class='ocr_par' dir='ltr' id='par_1_2' title="bbox 18 421 798 504">
     <span class='ocr_line' id='line_1_2' title="bbox 18 421 798 504; baseline -0.008 -18"><span class='ocrx_word' id='word_1_3' title='bbox 18 425 303 504; x_wconf 82' lang='lat' dir='ltr'><strong>lantumdematque</strong></span> <span class='ocrx_word' id='word_1_4' title='bbox 326 422 369 482; x_wconf 90' lang='lat' dir='ltr'><strong>illi</strong></span> <span class='ocrx_word' id='word_1_5' title='bbox 390 440 514 483; x_wconf 87' lang='lat' dir='ltr'><strong>summas</strong></span> <span class='ocrx_word' id='word_1_6' title='bbox 537 423 645 483; x_wconf 91' lang='lat' dir='ltr'><strong>donare</strong></span> <span class='ocrx_word' id='word_1_7' title='bbox 672 421 798 497; x_wconf 88' lang='lat' dir='ltr'><strong>curules,</strong></span> 
     </span>
    </p>

    <p class='ocr_par' dir='ltr' id='par_1_3' title="bbox 19 503 769 585">
     <span class='ocr_line' id='line_1_3' title="bbox 19 503 769 585; baseline -0.008 -15"><span class='ocrx_word' id='word_1_8' title='bbox 19 512 94 571; x_wconf 88' lang='lat' dir='ltr'><strong>illum</strong></span> <span class='ocrx_word' id='word_1_9' title='bbox 120 507 302 569; x_wconf 76' lang='lat' dir='ltr'><strong>exercitibus</strong></span> <span class='ocrx_word' id='word_1_10' title='bbox 329 503 537 585; x_wconf 77' lang='lat' dir='ltr'><strong>praeponere?</strong></span> <span class='ocrx_word' id='word_1_11' title='bbox 562 514 641 566; x_wconf 92' lang='lat' dir='ltr'><strong>tutor</strong></span> <span class='ocrx_word' id='word_1_12' title='bbox 667 505 769 566; x_wconf 90' lang='lat' dir='ltr'><strong>haberi</strong></span> 
     </span>
    </p>

    <p class='ocr_par' dir='ltr' id='par_1_4' title="bbox 19 588 808 672">
     <span class='ocr_line' id='line_1_4' title="bbox 19 588 808 672; baseline -0.008 -18"><span class='ocrx_word' id='word_1_13' title='bbox 19 595 156 672; x_wconf 89' lang='lat' dir='ltr'><strong>Principis</strong></span> <span class='ocrx_word' id='word_1_14' title='bbox 183 600 304 670; x_wconf 82' lang='lat' dir='ltr'><strong>angusta</strong></span> <span class='ocrx_word' id='word_1_15' title='bbox 332 588 509 668; x_wconf 79' lang='lat' dir='ltr'><strong>Caprearum</strong></span> <span class='ocrx_word' id='word_1_16' title='bbox 533 591 560 650; x_wconf 92' lang='lat' dir='ltr'><strong>in</strong></span> <span class='ocrx_word' id='word_1_17' title='bbox 583 609 656 669; x_wconf 91' lang='lat' dir='ltr'><strong>rupe</strong></span> <span class='ocrx_word' id='word_1_18' title='bbox 679 590 808 649; x_wconf 86' lang='lat' dir='ltr'><strong>sedentis</strong></span> 
     </span>
    </p>

    <p class='ocr_par' dir='ltr' id='par_1_5' title="bbox 8 673 1003 1088">
     <span class='ocr_line' id='line_1_5' title="bbox 19 673 849 754; baseline -0.006 -17"><span class='ocrx_word' id='word_1_19' title='bbox 19 677 84 738; x_wconf 80' lang='lat' dir='ltr'><strong>(lum</strong></span> <span class='ocrx_word' id='word_1_20' title='bbox 109 695 209 754; x_wconf 80' lang='lat' dir='ltr'><strong>grege</strong></span> <span class='ocrx_word' id='word_1_21' title='bbox 232 673 401 736; x_wconf 78' lang='lat' dir='ltr'><strong>Chaldaeo?</strong></span> <span class='ocrx_word' id='word_1_22' title='bbox 428 675 473 733; x_wconf 86' lang='lat' dir='ltr'><strong>uie</strong></span> <span class='ocrx_word' id='word_1_23' title='bbox 496 683 577 734; x_wconf 87' lang='lat' dir='ltr'><strong>certe</strong></span> <span class='ocrx_word' id='word_1_24' title='bbox 601 675 675 753; x_wconf 88' lang='lat' dir='ltr'><strong>pila,</strong></span> <span class='ocrx_word' id='word_1_25' title='bbox 700 673 849 748; x_wconf 75' lang='lat' dir='ltr'><strong>cohortes,</strong></span> 
     </span>
     <span class='ocr_line' id='line_1_6' title="bbox 19 754 1003 838; baseline -0.006 -17"><span class='ocrx_word' id='word_1_26' title='bbox 19 757 163 838; x_wconf 77' lang='lat' dir='ltr'><strong>Egregios</strong></span> <span class='ocrx_word' id='word_1_27' title='bbox 190 761 304 838; x_wconf 80' lang='lat' dir='ltr'><strong>equites</strong></span> <span class='ocrx_word' id='word_1_28' title='bbox 330 769 360 818; x_wconf 91' lang='lat' dir='ltr'><strong>et</strong></span> <span class='ocrx_word' id='word_1_29' title='bbox 382 767 478 818; x_wconf 87' lang='lat' dir='ltr'><strong>castra</strong></span> <span class='ocrx_word' id='word_1_30' title='bbox 503 754 683 818; x_wconf 90' lang='lat' dir='ltr'><strong>domestica?</strong></span> <span class='ocrx_word' id='word_1_31' title='bbox 709 758 806 837; x_wconf 86' lang='lat' dir='ltr'><strong>quidni</strong></span> <span class='ocrx_word' id='word_1_32' title='bbox 939 823 943 831; x_wconf 31' lang='lat'>¹</span> <span class='ocrx_word' id='word_1_33' title='bbox 969 768 1003 822; x_wconf 82' lang='lat'><strong>95</strong></span> 
     </span>
     <span class='ocr_line' id='line_1_7' title="bbox 19 839 921 923; baseline -0.003 -20"><span class='ocrx_word' id='word_1_34' title='bbox 19 845 93 904; x_wconf 89' lang='lat' dir='ltr'><strong>llaec</strong></span> <span class='ocrx_word' id='word_1_35' title='bbox 118 839 242 923; x_wconf 88' lang='lat' dir='ltr'><strong>cupias?</strong></span> <span class='ocrx_word' id='word_1_36' title='bbox 265 844 363 921; x_wconf 86' lang='lat' dir='ltr'><strong>etqui</strong></span> <span class='ocrx_word' id='word_1_37' title='bbox 386 840 486 902; x_wconf 85' lang='lat' dir='ltr'><strong>nolunt</strong></span> <span class='ocrx_word' id='word_1_38' title='bbox 508 842 645 902; x_wconf 89' lang='lat' dir='ltr'><strong>occidere</strong></span> <span class='ocrx_word' id='word_1_39' title='bbox 668 859 850 920; x_wconf 87' lang='lat' dir='ltr'><strong>quemquam,</strong></span> <span class='ocrx_word' id='word_1_40' title='bbox 918 869 921 874; x_wconf 95' lang='lat'>·</span> 
     </span>
     <span class='ocr_line' id='line_1_8' title="bbox 19 925 933 1004; baseline -0.007 -14"><span class='ocrx_word' id='word_1_41' title='bbox 19 930 106 990; x_wconf 85' lang='lat' dir='ltr'><strong>Posse</strong></span> <span class='ocrx_word' id='word_1_42' title='bbox 130 927 243 987; x_wconf 86' lang='lat' dir='ltr'><strong>volunt.</strong></span> <span class='ocrx_word' id='word_1_43' title='bbox 280 927 339 987; x_wconf 87' lang='lat' dir='ltr'><strong>Sed</strong></span> <span class='ocrx_word' id='word_1_44' title='bbox 361 943 436 1004; x_wconf 89' lang='lat' dir='ltr'><strong>quae</strong></span> <span class='ocrx_word' id='word_1_45' title='bbox 459 925 612 1003; x_wconf 88' lang='lat' dir='ltr'><strong>praeclara</strong></span> <span class='ocrx_word' id='word_1_46' title='bbox 637 935 665 985; x_wconf 89' lang='lat' dir='ltr'><strong>et</strong></span> <span class='ocrx_word' id='word_1_47' title='bbox 689 942 832 1003; x_wconf 90' lang='lat' dir='ltr'><strong>prospera</strong></span> <span class='ocrx_word' id='word_1_48' title='bbox 854 926 933 1000; x_wconf 88' lang='lat' dir='ltr'><strong>tanti,</strong></span> 
     </span>
     <span class='ocr_line' id='line_1_9' title="bbox 8 1007 751 1088; baseline 0.003 -20"><span class='ocrx_word' id='word_1_49' title='bbox 8 1013 50 1072; x_wconf 72' lang='lat' dir='ltr'><strong>tllt</strong></span> <span class='ocrx_word' id='word_1_50' title='bbox 69 1011 165 1072; x_wconf 92' lang='lat' dir='ltr'><strong>rebus</strong></span> <span class='ocrx_word' id='word_1_51' title='bbox 187 1010 271 1070; x_wconf 87' lang='lat' dir='ltr'><strong>laetis</strong></span> <span class='ocrx_word' id='word_1_52' title='bbox 297 1028 350 1088; x_wconf 91' lang='lat' dir='ltr'><strong>par</strong></span> <span class='ocrx_word' id='word_1_53' title='bbox 371 1012 408 1069; x_wconf 86' lang='lat' dir='ltr'><strong>eit</strong></span> <span class='ocrx_word' id='word_1_54' title='bbox 433 1027 566 1070; x_wconf 90' lang='lat' dir='ltr'><strong>mensura</strong></span> <span class='ocrx_word' id='word_1_55' title='bbox 590 1007 751 1070; x_wconf 86' lang='lat' dir='ltr'><strong>melorum?</strong></span> 
     </span>
    </p>

    <p class='ocr_par' dir='ltr' id='par_1_6' title="bbox 9 1094 826 1174">
     <span class='ocr_line' id='line_1_10' title="bbox 9 1094 826 1174; baseline 0 -20"><span class='ocrx_word' id='word_1_56' title='bbox 9 1096 121 1170; x_wconf 84' lang='lat' dir='ltr'><strong>Huius,</strong></span> <span class='ocrx_word' id='word_1_57' title='bbox 147 1095 197 1174; x_wconf 91' lang='lat' dir='ltr'><strong>qui</strong></span> <span class='ocrx_word' id='word_1_58' title='bbox 221 1094 358 1169; x_wconf 79' lang='lat' dir='ltr'><strong>trahitur,</strong></span> <span class='ocrx_word' id='word_1_59' title='bbox 382 1102 562 1172; x_wconf 85' lang='lat' dir='ltr'><strong>praetextam</strong></span> <span class='ocrx_word' id='word_1_60' title='bbox 585 1111 703 1154; x_wconf 88' lang='lat' dir='ltr'><strong>sumere.</strong></span> <span class='ocrx_word' id='word_1_61' title='bbox 725 1097 826 1170; x_wconf 88' lang='lat' dir='ltr'><strong>mavis,</strong></span> 
     </span>
    </p>

    <p class='ocr_par' dir='ltr' id='par_1_7' title="bbox 8 1175 1004 1338">
     <span class='ocr_line' id='line_1_11' title="bbox 8 1175 1004 1257; baseline 0.001 -18"><span class='ocrx_word' id='word_1_62' title='bbox 8 1175 57 1246; x_wconf 62' lang='lat' dir='ltr'><strong>&#39;nin</strong></span> <span class='ocrx_word' id='word_1_63' title='bbox 78 1179 256 1240; x_wconf 82' lang='lat' dir='ltr'><strong>Fidenarum</strong></span> <span class='ocrx_word' id='word_1_64' title='bbox 277 1176 490 1257; x_wconf 84' lang='lat' dir='ltr'><strong>Gabiorumque</strong></span> <span class='ocrx_word' id='word_1_65' title='bbox 513 1195 581 1236; x_wconf 89' lang='lat' dir='ltr'><strong>esse</strong></span> <span class='ocrx_word' id='word_1_66' title='bbox 607 1187 739 1256; x_wconf 86' lang='lat' dir='ltr'><strong>potestas</strong></span> <span class='ocrx_word' id='word_1_67' title='bbox 957 1189 1004 1240; x_wconf 86' lang='lat'><strong>100</strong></span> 
     </span>
     <span class='ocr_line' id='line_1_12' title="bbox 9 1261 698 1338; baseline 0 -16"><span class='ocrx_word' id='word_1_68' title='bbox 9 1264 50 1322; x_wconf 51' lang='lat' dir='ltr'><strong>*llt</strong></span> <span class='ocrx_word' id='word_1_69' title='bbox 71 1265 112 1324; x_wconf 93' lang='lat' dir='ltr'><strong>de</strong></span> <span class='ocrx_word' id='word_1_70' title='bbox 135 1279 270 1322; x_wconf 86' lang='lat' dir='ltr'><strong>mensura</strong></span> <span class='ocrx_word' id='word_1_71' title='bbox 292 1263 336 1322; x_wconf 92' lang='lat' dir='ltr'><strong>ius</strong></span> <span class='ocrx_word' id='word_1_72' title='bbox 359 1261 474 1338; x_wconf 90' lang='lat' dir='ltr'><strong>dicere,</strong></span> <span class='ocrx_word' id='word_1_73' title='bbox 496 1279 566 1321; x_wconf 86' lang='lat' dir='ltr'><strong>vasa</strong></span> <span class='ocrx_word' id='word_1_74' title='bbox 588 1263 698 1322; x_wconf 91' lang='lat' dir='ltr'><strong>minora</strong></span> 
     </span>
    </p>

    <p class='ocr_par' dir='ltr' id='par_1_8' title="bbox 20 1342 748 1426">
     <span class='ocr_line' id='line_1_13' title="bbox 20 1342 748 1426; baseline -0.007 -18"><span class='ocrx_word' id='word_1_75' title='bbox 20 1348 167 1426; x_wconf 87' lang='lat' dir='ltr'><strong>Frangere</strong></span> <span class='ocrx_word' id='word_1_76' title='bbox 191 1362 337 1425; x_wconf 84' lang='lat' dir='ltr'><strong>pannosus</strong></span> <span class='ocrx_word' id='word_1_77' title='bbox 359 1347 461 1405; x_wconf 52' lang='lat' dir='ltr'><strong>‘vacuis</strong></span> <span class='ocrx_word' id='word_1_78' title='bbox 485 1345 588 1405; x_wconf 87' lang='lat' dir='ltr'><strong>aedilis</strong></span> <span class='ocrx_word' id='word_1_79' title='bbox 610 1342 748 1406; x_wconf 77' lang='lat' dir='ltr'><strong>Ulubris?</strong></span> 
     </span>
    </p>

    <p class='ocr_par' dir='ltr' id='par_1_9' title="bbox 10 1425 799 1517">
     <span class='ocr_line' id='line_1_14' title="bbox 10 1425 799 1517; baseline -0.003 -27"><span class='ocrx_word' id='word_1_80' title='bbox 10 1425 94 1517; x_wconf 65' lang='lat' dir='ltr'><strong>lllrgo</strong></span> <span class='ocrx_word' id='word_1_81' title='bbox 121 1431 192 1509; x_wconf 92' lang='lat' dir='ltr'><strong>quid</strong></span> <span class='ocrx_word' id='word_1_82' title='bbox 216 1430 372 1508; x_wconf 91' lang='lat' dir='ltr'><strong>optandum</strong></span> <span class='ocrx_word' id='word_1_83' title='bbox 396 1429 489 1503; x_wconf 88' lang='lat' dir='ltr'><strong>iuret,</strong></span> <span class='ocrx_word' id='word_1_84' title='bbox 519 1431 672 1506; x_wconf 84' lang='lat' dir='ltr'><strong>ignorasse</strong></span> <span class='ocrx_word' id='word_1_85' title='bbox 698 1429 799 1488; x_wconf 86' lang='lat' dir='ltr'><strong>lateris</strong></span> 
     </span>
    </p>

    <p class='ocr_par' dir='ltr' id='par_1_10' title="bbox 11 1511 749 1592">
     <span class='ocr_line' id='line_1_15' title="bbox 11 1511 749 1592; baseline -0.005 -17"><span class='ocrx_word' id='word_1_86' title='bbox 11 1517 169 1580; x_wconf 64' lang='lat' dir='ltr'><strong>*Seianum</strong></span> <span class='ocrx_word' id='word_1_87' title='bbox 194 1531 259 1573; x_wconf 89' lang='lat' dir='ltr'><strong>uam</strong></span> <span class='ocrx_word' id='word_1_88' title='bbox 282 1514 329 1592; x_wconf 93' lang='lat' dir='ltr'><strong>qui</strong></span> <span class='ocrx_word' id='word_1_89' title='bbox 353 1514 457 1572; x_wconf 89' lang='lat' dir='ltr'><strong>nimios</strong></span> <span class='ocrx_word' id='word_1_90' title='bbox 478 1511 597 1591; x_wconf 89' lang='lat' dir='ltr'><strong>optabat</strong></span> <span class='ocrx_word' id='word_1_91' title='bbox 622 1513 749 1572; x_wconf 91' lang='lat' dir='ltr'><strong>honores</strong></span> 
     </span>
    </p>

    <p class='ocr_par' dir='ltr' id='par_1_11' title="bbox 11 1572 781 1699">
     <span class='ocr_line' id='line_1_16' title="bbox 11 1572 781 1699; baseline -0.004 -41"><span class='ocrx_word' id='word_1_92' title='bbox 11 1572 51 1699; x_wconf 66' lang='lat' dir='ltr'><strong>lht</strong></span> <span class='ocrx_word' id='word_1_93' title='bbox 73 1599 180 1658; x_wconf 90' lang='lat' dir='ltr'><strong>nimias</strong></span> <span class='ocrx_word' id='word_1_94' title='bbox 202 1597 345 1676; x_wconf 89' lang='lat' dir='ltr'><strong>poscebat</strong></span> <span class='ocrx_word' id='word_1_95' title='bbox 367 1614 456 1675; x_wconf 91' lang='lat' dir='ltr'><strong>opes,</strong></span> <span class='ocrx_word' id='word_1_96' title='bbox 483 1614 636 1656; x_wconf 88' lang='lat' dir='ltr'><strong>numerosa</strong></span> <span class='ocrx_word' id='word_1_97' title='bbox 661 1595 781 1675; x_wconf 88' lang='lat' dir='ltr'><strong>parabat</strong></span> 
     </span>
    </p>

    <p class='ocr_par' dir='ltr' id='par_1_12' title="bbox 8 1681 853 1932">
     <span class='ocr_line' id='line_1_17' title="bbox 12 1681 757 1771; baseline -0.004 -28"><span class='ocrx_word' id='word_1_98' title='bbox 12 1682 167 1771; x_wconf 71' lang='lat' dir='ltr'><strong>pllrcelsae</strong></span> <span class='ocrx_word' id='word_1_99' title='bbox 193 1683 279 1740; x_wconf 89' lang='lat' dir='ltr'><strong>turris</strong></span> <span class='ocrx_word' id='word_1_100' title='bbox 303 1681 445 1756; x_wconf 87' lang='lat' dir='ltr'><strong>tabulata,</strong></span> <span class='ocrx_word' id='word_1_101' title='bbox 469 1682 544 1741; x_wconf 92' lang='lat' dir='ltr'><strong>unde</strong></span> <span class='ocrx_word' id='word_1_102' title='bbox 569 1681 654 1740; x_wconf 90' lang='lat' dir='ltr'><strong>altior</strong></span> <span class='ocrx_word' id='word_1_103' title='bbox 677 1688 757 1740; x_wconf 88' lang='lat' dir='ltr'><strong>esset</strong></span> 
     </span>
     <span class='ocr_line' id='line_1_18' title="bbox 8 1765 782 1843; baseline 0 -21"><span class='ocrx_word' id='word_1_104' title='bbox 8 1765 111 1827; x_wconf 59' lang='lat' dir='ltr'><strong>sinsus</strong></span> <span class='ocrx_word' id='word_1_105' title='bbox 138 1773 169 1824; x_wconf 89' lang='lat' dir='ltr'><strong>et</strong></span> <span class='ocrx_word' id='word_1_106' title='bbox 194 1765 334 1843; x_wconf 89' lang='lat' dir='ltr'><strong>impulsae</strong></span> <span class='ocrx_word' id='word_1_107' title='bbox 360 1782 504 1843; x_wconf 87' lang='lat' dir='ltr'><strong>praeceps</strong></span> <span class='ocrx_word' id='word_1_108' title='bbox 528 1766 649 1824; x_wconf 84' lang='lat' dir='ltr'><strong>immane</strong></span> <span class='ocrx_word' id='word_1_109' title='bbox 671 1765 782 1824; x_wconf 90' lang='lat' dir='ltr'><strong>ruinae.</strong></span> 
     </span>
     <span class='ocr_line' id='line_1_19' title="bbox 12 1846 853 1932; baseline 0 -24"><span class='ocrx_word' id='word_1_110' title='bbox 12 1851 91 1932; x_wconf 47' lang='lat' dir='ltr'><strong>¹ituid</strong></span> <span class='ocrx_word' id='word_1_111' title='bbox 116 1846 261 1922; x_wconf 81' lang='lat' dir='ltr'><strong>Crassos,</strong></span> <span class='ocrx_word' id='word_1_112' title='bbox 286 1847 353 1926; x_wconf 90' lang='lat' dir='ltr'><strong>quid</strong></span> <span class='ocrx_word' id='word_1_113' title='bbox 379 1847 535 1926; x_wconf 90' lang='lat' dir='ltr'><strong>Pompeios</strong></span> <span class='ocrx_word' id='word_1_114' title='bbox 562 1850 684 1924; x_wconf 86' lang='lat' dir='ltr'><strong>evertit,</strong></span> <span class='ocrx_word' id='word_1_115' title='bbox 711 1858 740 1908; x_wconf 92' lang='lat' dir='ltr'><strong>et</strong></span> <span class='ocrx_word' id='word_1_116' title='bbox 762 1847 853 1926; x_wconf 90' lang='lat' dir='ltr'><strong>illum,</strong></span> 
     </span>
    </p>

    <p class='ocr_par' dir='ltr' id='par_1_13' title="bbox 8 1930 805 2177">
     <span class='ocr_line' id='line_1_20' title="bbox 13 1930 790 2011; baseline -0.003 -19"><span class='ocrx_word' id='word_1_117' title='bbox 13 1935 62 1992; x_wconf 62' lang='lat' dir='ltr'><strong>‘hd</strong></span> <span class='ocrx_word' id='word_1_118' title='bbox 84 1951 137 1994; x_wconf 90' lang='lat' dir='ltr'><strong>sua</strong></span> <span class='ocrx_word' id='word_1_119' title='bbox 165 1933 214 2011; x_wconf 90' lang='lat' dir='ltr'><strong>qui</strong></span> <span class='ocrx_word' id='word_1_120' title='bbox 238 1932 362 1992; x_wconf 91' lang='lat' dir='ltr'><strong>domitos</strong></span> <span class='ocrx_word' id='word_1_121' title='bbox 385 1931 503 1993; x_wconf 86' lang='lat' dir='ltr'><strong>deduxit</strong></span> <span class='ocrx_word' id='word_1_122' title='bbox 525 1932 616 2008; x_wconf 84' lang='lat' dir='ltr'><strong>flagra</strong></span> <span class='ocrx_word' id='word_1_123' title='bbox 639 1930 790 2004; x_wconf 81' lang='lat' dir='ltr'><strong>Quirites?</strong></span> 
     </span>
     <span class='ocr_line' id='line_1_21' title="bbox 12 1966 805 2094; baseline -0.001 -19.005"><span class='ocrx_word' id='word_1_124' title='bbox 12 1966 150 2083; x_wconf 66' lang='lat' dir='ltr'><strong>lSummus</strong></span> <span class='ocrx_word' id='word_1_125' title='bbox 174 2033 280 2094; x_wconf 87' lang='lat' dir='ltr'><strong>nempe</strong></span> <span class='ocrx_word' id='word_1_126' title='bbox 307 2015 391 2074; x_wconf 85' lang='lat' dir='ltr'><strong>locus</strong></span> <span class='ocrx_word' id='word_1_127' title='bbox 416 2014 494 2075; x_wconf 88' lang='lat' dir='ltr'><strong>nulla</strong></span> <span class='ocrx_word' id='word_1_128' title='bbox 518 2033 575 2076; x_wconf 89' lang='lat' dir='ltr'><strong>non</strong></span> <span class='ocrx_word' id='word_1_129' title='bbox 602 2025 664 2076; x_wconf 90' lang='lat' dir='ltr'><strong>arte</strong></span> <span class='ocrx_word' id='word_1_130' title='bbox 686 2017 805 2093; x_wconf 85' lang='lat' dir='ltr'><strong>petitus,</strong></span> 
     </span>
     <span class='ocr_line' id='line_1_22' title="bbox 14 2095 777 2177; baseline -0.001 -20"><span class='ocrx_word' id='word_1_131' title='bbox 14 2095 181 2177; x_wconf 66' lang='lat' dir='ltr'><strong>&#39;linguaque</strong></span> <span class='ocrx_word' id='word_1_132' title='bbox 206 2098 365 2158; x_wconf 88' lang='lat' dir='ltr'><strong>numinibus</strong></span> <span class='ocrx_word' id='word_1_133' title='bbox 387 2108 455 2158; x_wconf 85' lang='lat' dir='ltr'><strong>rota</strong></span> <span class='ocrx_word' id='word_1_134' title='bbox 479 2099 613 2160; x_wconf 85' lang='lat' dir='ltr'><strong>exaudita</strong></span> <span class='ocrx_word' id='word_1_135' title='bbox 636 2099 777 2176; x_wconf 87' lang='lat' dir='ltr'><strong>malignis.</strong></span> 
     </span>
    </p>

    <p class='ocr_par' dir='ltr' id='par_1_14' title="bbox 14 2181 890 2344">
     <span class='ocr_line' id='line_1_23' title="bbox 26 2181 890 2261; baseline -0.001 -20"><span class='ocrx_word' id='word_1_136' title='bbox 26 2184 64 2243; x_wconf 85' lang='lat' dir='ltr'><strong>hd</strong></span> <span class='ocrx_word' id='word_1_137' title='bbox 87 2201 230 2261; x_wconf 88' lang='lat' dir='ltr'><strong>generum</strong></span> <span class='ocrx_word' id='word_1_138' title='bbox 257 2181 374 2242; x_wconf 85' lang='lat' dir='ltr'><strong>Generis</strong></span> <span class='ocrx_word' id='word_1_139' title='bbox 399 2185 462 2242; x_wconf 86' lang='lat' dir='ltr'><strong>eine</strong></span> <span class='ocrx_word' id='word_1_140' title='bbox 486 2183 578 2243; x_wconf 89' lang='lat' dir='ltr'><strong>caede</strong></span> <span class='ocrx_word' id='word_1_141' title='bbox 603 2200 637 2242; x_wconf 89' lang='lat' dir='ltr'><strong>ac</strong></span> <span class='ocrx_word' id='word_1_142' title='bbox 658 2182 779 2242; x_wconf 81' lang='lat' dir='ltr'><strong>vulnere</strong></span> <span class='ocrx_word' id='word_1_143' title='bbox 804 2182 890 2260; x_wconf 90' lang='lat' dir='ltr'><strong>pauci</strong></span> 
     </span>
     <span class='ocr_line' id='line_1_24' title="bbox 14 2265 739 2344; baseline -0.001 -19"><span class='ocrx_word' id='word_1_144' title='bbox 14 2265 208 2326; x_wconf 57' lang='lat' dir='ltr'><strong>eliescendunt</strong></span> <span class='ocrx_word' id='word_1_145' title='bbox 231 2284 320 2344; x_wconf 87' lang='lat' dir='ltr'><strong>reges</strong></span> <span class='ocrx_word' id='word_1_146' title='bbox 345 2275 374 2326; x_wconf 89' lang='lat' dir='ltr'><strong>et</strong></span> <span class='ocrx_word' id='word_1_147' title='bbox 396 2268 476 2326; x_wconf 88' lang='lat' dir='ltr'><strong>sicca</strong></span> <span class='ocrx_word' id='word_1_148' title='bbox 501 2276 594 2327; x_wconf 89' lang='lat' dir='ltr'><strong>morte</strong></span> <span class='ocrx_word' id='word_1_149' title='bbox 617 2268 739 2342; x_wconf 78' lang='lat' dir='ltr'><strong>tyranni.</strong></span> 
     </span>
    </p>

    <p class='ocr_par' dir='ltr' id='par_1_15' title="bbox 62 2349 872 2429">
     <span class='ocr_line' id='line_1_25' title="bbox 62 2349 872 2429; baseline -0.001 -19"><span class='ocrx_word' id='word_1_150' title='bbox 62 2351 217 2429; x_wconf 85' lang='lat' dir='ltr'><strong>Eloquium</strong></span> <span class='ocrx_word' id='word_1_151' title='bbox 238 2368 272 2410; x_wconf 86' lang='lat' dir='ltr'><strong>uc</strong></span> <span class='ocrx_word' id='word_1_152' title='bbox 291 2351 394 2410; x_wconf 84' lang='lat' dir='ltr'><strong>famam</strong></span> <span class='ocrx_word' id='word_1_153' title='bbox 416 2350 624 2410; x_wconf 82' lang='lat' dir='ltr'><strong>Demosthenis</strong></span> <span class='ocrx_word' id='word_1_154' title='bbox 648 2359 696 2411; x_wconf 87' lang='lat' dir='ltr'><strong>aut</strong></span> <span class='ocrx_word' id='word_1_155' title='bbox 721 2349 872 2410; x_wconf 79' lang='lat' dir='ltr'><strong>Ciceronis</strong></span> 
     </span>
    </p>

    <p class='ocr_par' dir='ltr' id='par_1_16' title="bbox 14 2433 878 3015">
     <span class='ocr_line' id='line_1_26' title="bbox 30 2433 756 2514; baseline 0.004 -22"><span class='ocrx_word' id='word_1_156' title='bbox 30 2434 123 2513; x_wconf 89' lang='lat' dir='ltr'><strong>incipit</strong></span> <span class='ocrx_word' id='word_1_157' title='bbox 148 2444 252 2512; x_wconf 86' lang='lat' dir='ltr'><strong>optare</strong></span> <span class='ocrx_word' id='word_1_158' title='bbox 275 2443 304 2494; x_wconf 91' lang='lat' dir='ltr'><strong>et</strong></span> <span class='ocrx_word' id='word_1_159' title='bbox 328 2435 397 2494; x_wconf 91' lang='lat' dir='ltr'><strong>totis</strong></span> <span class='ocrx_word' id='word_1_160' title='bbox 413 2433 641 2514; x_wconf 83' lang='lat' dir='ltr'><strong>Quinquatribus</strong></span> <span class='ocrx_word' id='word_1_161' title='bbox 664 2443 756 2514; x_wconf 87' lang='lat' dir='ltr'><strong>optat,</strong></span> 
     </span>
     <span class='ocr_line' id='line_1_27' title="bbox 14 2516 878 2598; baseline 0.001 -22"><span class='ocrx_word' id='word_1_162' title='bbox 14 2517 159 2598; x_wconf 48' lang='lat' dir='ltr'><strong>¹Quisquis</strong></span> <span class='ocrx_word' id='word_1_163' title='bbox 187 2516 280 2578; x_wconf 90' lang='lat' dir='ltr'><strong>adhuc</strong></span> <span class='ocrx_word' id='word_1_164' title='bbox 304 2534 362 2577; x_wconf 95' lang='lat' dir='ltr'><strong>uno</strong></span> <span class='ocrx_word' id='word_1_165' title='bbox 384 2535 501 2596; x_wconf 90' lang='lat' dir='ltr'><strong>parcam</strong></span> <span class='ocrx_word' id='word_1_166' title='bbox 524 2519 595 2578; x_wconf 90' lang='lat' dir='ltr'><strong>colit</strong></span> <span class='ocrx_word' id='word_1_167' title='bbox 621 2537 688 2578; x_wconf 90' lang='lat' dir='ltr'><strong>asse</strong></span> <span class='ocrx_word' id='word_1_168' title='bbox 711 2517 878 2593; x_wconf 83' lang='lat' dir='ltr'><strong>Minervam,</strong></span> 
     </span>
     <span class='ocr_line' id='line_1_28' title="bbox 14 2600 844 2680; baseline -0.002 -19"><span class='ocrx_word' id='word_1_169' title='bbox 14 2600 112 2673; x_wconf 53' lang='lat' dir='ltr'><strong>{Quem</strong></span> <span class='ocrx_word' id='word_1_170' title='bbox 139 2603 271 2680; x_wconf 87' lang='lat' dir='ltr'><strong>sequitur</strong></span> <span class='ocrx_word' id='word_1_171' title='bbox 294 2610 392 2661; x_wconf 90' lang='lat' dir='ltr'><strong>custos</strong></span> <span class='ocrx_word' id='word_1_172' title='bbox 417 2611 557 2678; x_wconf 87' lang='lat' dir='ltr'><strong>angustae</strong></span> <span class='ocrx_word' id='word_1_173' title='bbox 580 2603 700 2662; x_wconf 85' lang='lat' dir='ltr'><strong>vernula</strong></span> <span class='ocrx_word' id='word_1_174' title='bbox 728 2618 844 2680; x_wconf 89' lang='lat' dir='ltr'><strong>capsae.</strong></span> 
     </span>
     <span class='ocr_line' id='line_1_29' title="bbox 31 2683 780 2764; baseline 0.001 -22"><span class='ocrx_word' id='word_1_175' title='bbox 31 2683 146 2763; x_wconf 87' lang='lat' dir='ltr'><strong>Eloquio</strong></span> <span class='ocrx_word' id='word_1_176' title='bbox 172 2685 227 2744; x_wconf 93' lang='lat' dir='ltr'><strong>sed</strong></span> <span class='ocrx_word' id='word_1_177' title='bbox 249 2695 371 2764; x_wconf 89' lang='lat' dir='ltr'><strong>uterque</strong></span> <span class='ocrx_word' id='word_1_178' title='bbox 395 2687 471 2763; x_wconf 89' lang='lat' dir='ltr'><strong>perit</strong></span> <span class='ocrx_word' id='word_1_179' title='bbox 492 2685 604 2753; x_wconf 69' lang='lat' dir='ltr'><strong>oraton</strong></span> <span class='ocrx_word' id='word_1_180' title='bbox 630 2695 780 2762; x_wconf 88' lang='lat' dir='ltr'><strong>utrumque</strong></span> 
     </span>
     <span class='ocr_line' id='line_1_30' title="bbox 32 2767 772 2847; baseline -0.005 -19"><span class='ocrx_word' id='word_1_181' title='bbox 32 2767 130 2845; x_wconf 84' lang='lat' dir='ltr'><strong>bargus</strong></span> <span class='ocrx_word' id='word_1_182' title='bbox 156 2779 186 2829; x_wconf 91' lang='lat' dir='ltr'><strong>et</strong></span> <span class='ocrx_word' id='word_1_183' title='bbox 212 2769 360 2828; x_wconf 86' lang='lat' dir='ltr'><strong>exundans</strong></span> <span class='ocrx_word' id='word_1_184' title='bbox 380 2767 439 2828; x_wconf 90' lang='lat' dir='ltr'><strong>leto</strong></span> <span class='ocrx_word' id='word_1_185' title='bbox 463 2769 542 2829; x_wconf 88' lang='lat' dir='ltr'><strong>dedit</strong></span> <span class='ocrx_word' id='word_1_186' title='bbox 566 2770 673 2847; x_wconf 82' lang='lat' dir='ltr'><strong>ingenii</strong></span> <span class='ocrx_word' id='word_1_187' title='bbox 696 2769 772 2828; x_wconf 87' lang='lat' dir='ltr'><strong>lons.</strong></span> 
     </span>
     <span class='ocr_line' id='line_1_31' title="bbox 32 2849 871 2928; baseline -0.002 -19"><span class='ocrx_word' id='word_1_188' title='bbox 32 2849 139 2928; x_wconf 83' lang='lat' dir='ltr'><strong>hgenio</strong></span> <span class='ocrx_word' id='word_1_189' title='bbox 163 2870 263 2913; x_wconf 93' lang='lat' dir='ltr'><strong>manus</strong></span> <span class='ocrx_word' id='word_1_190' title='bbox 289 2862 334 2912; x_wconf 91' lang='lat' dir='ltr'><strong>est</strong></span> <span class='ocrx_word' id='word_1_191' title='bbox 360 2861 389 2912; x_wconf 87' lang='lat' dir='ltr'><strong>et</strong></span> <span class='ocrx_word' id='word_1_192' title='bbox 412 2855 513 2912; x_wconf 86' lang='lat' dir='ltr'><strong>cervix</strong></span> <span class='ocrx_word' id='word_1_193' title='bbox 534 2870 636 2925; x_wconf 87' lang='lat' dir='ltr'><strong>oaesa;</strong></span> <span class='ocrx_word' id='word_1_194' title='bbox 656 2864 719 2912; x_wconf 79' lang='lat' dir='ltr'><strong>‘nec</strong></span> <span class='ocrx_word' id='word_1_195' title='bbox 741 2866 871 2927; x_wconf 91' lang='lat' dir='ltr'><strong>umquam</strong></span> 
     </span>
     <span class='ocr_line' id='line_1_32' title="bbox 15 2935 779 3015; baseline 0 -22"><span class='ocrx_word' id='word_1_196' title='bbox 15 2936 169 3013; x_wconf 74' lang='lat' dir='ltr'><strong>;Sunguine</strong></span> <span class='ocrx_word' id='word_1_197' title='bbox 197 2937 335 2996; x_wconf 80' lang='lat' dir='ltr'><strong>causidici</strong></span> <span class='ocrx_word' id='word_1_198' title='bbox 360 2937 529 2997; x_wconf 89' lang='lat' dir='ltr'><strong>maduerunt</strong></span> <span class='ocrx_word' id='word_1_199' title='bbox 550 2945 647 2996; x_wconf 89' lang='lat' dir='ltr'><strong>rostra</strong></span> <span class='ocrx_word' id='word_1_200' title='bbox 671 2935 779 3015; x_wconf 89' lang='lat' dir='ltr'><strong>pusilli.</strong></span> 
     </span>
    </p>

    <p class='ocr_par' dir='ltr' id='par_1_17' title="bbox 15 3016 784 3181">
     <span class='ocr_line' id='line_1_33' title="bbox 16 3016 784 3080; baseline 0.005 -6"><span class='ocrx_word' id='word_1_201' title='bbox 16 3016 52 3074; x_wconf 82' lang='lat'><strong>:0</strong></span> <span class='ocrx_word' id='word_1_202' title='bbox 72 3020 243 3080; x_wconf 81' lang='lat' dir='ltr'><strong>fortunatam</strong></span> <span class='ocrx_word' id='word_1_203' title='bbox 265 3029 359 3080; x_wconf 86' lang='lat' dir='ltr'><strong>natam</strong></span> <span class='ocrx_word' id='word_1_204' title='bbox 383 3038 429 3080; x_wconf 90' lang='lat' dir='ltr'><strong>me</strong></span> <span class='ocrx_word' id='word_1_205' title='bbox 455 3018 576 3080; x_wconf 90' lang='lat' dir='ltr'><strong>consule</strong></span> <span class='ocrx_word' id='word_1_206' title='bbox 602 3019 721 3080; x_wconf 83' lang='lat' dir='ltr'><strong>Romam</strong></span> <span class='ocrx_word' id='word_1_207' title='bbox 743 3053 784 3062; x_wconf 93' lang='lat'>—</span> 
     </span>
     <span class='ocr_line' id='line_1_34' title="bbox 15 3101 722 3181; baseline 0.007 -22"><span class='ocrx_word' id='word_1_208' title='bbox 15 3101 128 3168; x_wconf 81' lang='lat' dir='ltr'><strong>thntoni</strong></span> <span class='ocrx_word' id='word_1_209' title='bbox 151 3104 267 3180; x_wconf 86' lang='lat' dir='ltr'><strong>gladios</strong></span> <span class='ocrx_word' id='word_1_210' title='bbox 290 3106 383 3181; x_wconf 89' lang='lat' dir='ltr'><strong>putuit</strong></span> <span class='ocrx_word' id='word_1_211' title='bbox 405 3113 608 3180; x_wconf 84' lang='lat' dir='ltr'><strong>contemnere,</strong></span> <span class='ocrx_word' id='word_1_212' title='bbox 631 3106 655 3163; x_wconf 88' lang='lat' dir='ltr'><strong>si</strong></span> <span class='ocrx_word' id='word_1_213' title='bbox 679 3105 722 3164; x_wconf 89' lang='lat' dir='ltr'><strong>sic</strong></span> 
     </span>
    </p>

    <p class='ocr_par' dir='ltr' id='par_1_18' title="bbox 17 3183 715 3265">
     <span class='ocr_line' id='line_1_35' title="bbox 17 3183 715 3265; baseline 0.01 -24"><span class='ocrx_word' id='word_1_214' title='bbox 17 3183 121 3247; x_wconf 90' lang='lat' dir='ltr'><strong>.0nnia</strong></span> <span class='ocrx_word' id='word_1_215' title='bbox 146 3187 278 3247; x_wconf 86' lang='lat' dir='ltr'><strong>dixisset.</strong></span> <span class='ocrx_word' id='word_1_216' title='bbox 317 3186 448 3248; x_wconf 85' lang='lat' dir='ltr'><strong>hidenda</strong></span> <span class='ocrx_word' id='word_1_217' title='bbox 471 3197 606 3265; x_wconf 85' lang='lat' dir='ltr'><strong>poemata</strong></span> <span class='ocrx_word' id='word_1_218' title='bbox 628 3190 715 3264; x_wconf 88' lang='lat' dir='ltr'><strong>malo,</strong></span> 
     </span>
    </p>

    <p class='ocr_par' dir='ltr' id='par_1_19' title="bbox 18 3267 883 3518">
     <span class='ocr_line' id='line_1_36' title="bbox 38 3267 829 3350; baseline 0 -22"><span class='ocrx_word' id='word_1_219' title='bbox 38 3267 114 3340; x_wconf 78' lang='lat' dir='ltr'><strong>Quam</strong></span> <span class='ocrx_word' id='word_1_220' title='bbox 135 3279 165 3330; x_wconf 91' lang='lat' dir='ltr'><strong>te</strong></span> <span class='ocrx_word' id='word_1_221' title='bbox 189 3273 383 3348; x_wconf 84' lang='lat' dir='ltr'><strong>conspicuae,</strong></span> <span class='ocrx_word' id='word_1_222' title='bbox 406 3271 501 3331; x_wconf 87' lang='lat' dir='ltr'><strong>divina</strong></span> <span class='ocrx_word' id='word_1_223' title='bbox 522 3270 699 3350; x_wconf 90' lang='lat' dir='ltr'><strong>Philippica,</strong></span> <span class='ocrx_word' id='word_1_224' title='bbox 723 3271 829 3344; x_wconf 83' lang='lat' dir='ltr'><strong>lamae,</strong></span> 
     </span>
     <span class='ocr_line' id='line_1_37' title="bbox 18 3349 883 3434; baseline 0.003 -27"><span class='ocrx_word' id='word_1_225' title='bbox 18 3349 158 3414; x_wconf 83' lang='lat' dir='ltr'><strong>¹llolreuis</strong></span> <span class='ocrx_word' id='word_1_226' title='bbox 183 3373 200 3415; x_wconf 84' lang='lat' dir='ltr'><strong>a</strong></span> <span class='ocrx_word' id='word_1_227' title='bbox 225 3356 316 3433; x_wconf 89' lang='lat' dir='ltr'><strong>prima</strong></span> <span class='ocrx_word' id='word_1_228' title='bbox 338 3373 415 3434; x_wconf 88' lang='lat' dir='ltr'><strong>quae</strong></span> <span class='ocrx_word' id='word_1_229' title='bbox 438 3357 579 3433; x_wconf 88' lang='lat' dir='ltr'><strong>proxima.</strong></span> <span class='ocrx_word' id='word_1_230' title='bbox 616 3357 728 3416; x_wconf 87' lang='lat' dir='ltr'><strong>Saevus</strong></span> <span class='ocrx_word' id='word_1_231' title='bbox 751 3361 781 3412; x_wconf 90' lang='lat' dir='ltr'><strong>et</strong></span> <span class='ocrx_word' id='word_1_232' title='bbox 803 3352 883 3412; x_wconf 89' lang='lat' dir='ltr'><strong>illum</strong></span> 
     </span>
     <span class='ocr_line' id='line_1_38' title="bbox 18 3432 740 3518; baseline -0.001 -19"><span class='ocrx_word' id='word_1_233' title='bbox 18 3432 123 3499; x_wconf 83' lang='lat' dir='ltr'><strong>lhritus</strong></span> <span class='ocrx_word' id='word_1_234' title='bbox 147 3439 270 3518; x_wconf 88' lang='lat' dir='ltr'><strong>eripuit,</strong></span> <span class='ocrx_word' id='word_1_235' title='bbox 296 3455 382 3516; x_wconf 90' lang='lat' dir='ltr'><strong>quem</strong></span> <span class='ocrx_word' id='word_1_236' title='bbox 409 3439 582 3498; x_wconf 89' lang='lat' dir='ltr'><strong>mirabantur</strong></span> <span class='ocrx_word' id='word_1_237' title='bbox 608 3439 740 3499; x_wconf 79' lang='lat' dir='ltr'><strong>Athenae</strong></span> 
     </span>
    </p>
   </div>
   <div class='ocr_carea' id='block_1_3' title="bbox 39 3515 843 3658">
    <p class='ocr_par' dir='ltr' id='par_1_20' title="bbox 39 3515 843 3658">
     <span class='ocr_line' id='line_1_39' title="bbox 39 3515 843 3658; baseline 0.005 -84"><span class='ocrx_word' id='word_1_238' title='bbox 39 3515 193 3582; x_wconf 86' lang='lat' dir='ltr'><strong>Torrentem</strong></span> <span class='ocrx_word' id='word_1_239' title='bbox 220 3531 250 3581; x_wconf 87' lang='lat' dir='ltr'><strong>et</strong></span> <span class='ocrx_word' id='word_1_240' title='bbox 274 3522 353 3599; x_wconf 89' lang='lat' dir='ltr'><strong>pleni</strong></span> <span class='ocrx_word' id='word_1_241' title='bbox 376 3521 572 3582; x_wconf 87' lang='lat' dir='ltr'><strong>moderantem</strong></span> <span class='ocrx_word' id='word_1_242' title='bbox 595 3524 676 3581; x_wconf 86' lang='lat' dir='ltr'><strong>irena</strong></span> <span class='ocrx_word' id='word_1_243' title='bbox 699 3521 817 3658; x_wconf 66' lang='lat' dir='ltr'><strong>theatri5.</strong></span> <span class='ocrx_word' id='word_1_244' title='bbox 829 3599 843 3632; x_wconf 36' lang='lat' dir='ltr'><strong>t</strong></span> 
     </span>
    </p>
   </div>
   <div class='ocr_carea' id='block_1_4' title="bbox 0 0 1236 3994">
    <p class='ocr_par' dir='ltr' id='par_1_21' title="bbox 0 0 1236 3994">
     <span class='ocr_line' id='line_1_40' title="bbox 0 0 1236 3994; baseline 0 0"><span class='ocrx_word' id='word_1_245' title='bbox 0 0 1236 3994; x_wconf 95' lang='lat' dir='ltr'><strong> </strong></span> 
     </span>
    </p>
   </div>
  </div>
 </body>
</html>
