2444 3984
392 311 394 314 ,
432 255 556 302 sarran
577 257 628 302 111.
987 248 1023 306 15

30 399 91 457 Res
119 405 240 473 angusta
263 396 353 464 domi;
377 396 429 455 sed
451 391 561 454 Romae
585 395 683 456 durior
704 395 761 455 illis
974 411 1024 464 155

28 481 179 542 Conatus:
201 496 306 557 magno
330 479 485 556 hospitium
507 479 691 554 miserabile,
715 497 820 556 magno

27 568 191 626 Servorum
213 572 349 638 ventres,
374 572 402 621 et
422 562 498 640 frugi
519 563 643 623 coenula
663 570 798 640 magno

28 647 184 709 Fictilibus
207 663 334 708 coenare
357 646 462 724 pudet,
486 648 564 725 quod
586 654 670 724 turpe
690 646 818 723 negabit

27 731 202 792 Translatus
225 731 320 790 subito
337 729 373 790 ad
395 728 508 790 blarsos
530 748 716 809 mensamque
739 729 886 791 Sabellam
1059 787 1061 790 .

28 815 252 894 Contentusque
270 813 330 874 illie
352 821 460 873 veneto
479 814 611 893 duroque
630 813 755 874 cucullo.
855 852 858 857 -
953 867 955 872 ,
972 823 1024 878 170

27 900 102 960 Pars
124 915 228 976 magua
249 897 350 959 ltaliae
374 906 419 957 est
427 930 440 972 ,·
457 899 481 956 si
502 915 603 958 uerum
624 898 811 974 admittimus,
833 898 861 958 in
882 917 937 978 qua

26 983 125 1044 Nemo
146 991 244 1058 togam
265 982 364 1056 sumit,
388 981 442 1040 nisi
464 990 601 1041 mortuus.
647 981 714 1060 lpsa
735 981 843 1041 dierum

27 1067 185 1127 Fastorum
207 1056 347 1125 herboso'
361 1064 465 1126 colitur
485 1066 508 1124 si
531 1066 645 1142 quaudo
668 1065 781 1124 theatro

27 1151 186 1226 Maiestas,
208 1149 383 1227 tandemque
403 1148 479 1208 redit
501 1149 538 1209 ad
557 1150 667 1229 pulpita
689 1156 785 1208 uotum

27 1235 190 1310 Exodium,
213 1251 299 1311 quum
322 1250 468 1311 personae
491 1232 627 1311 pallentis
650 1233 755 1293 biatum
974 1243 1022 1298 175

27 1319 61 1378 ln
83 1319 197 1396 mensio
218 1317 316 1376 matris
337 1317 474 1376 lormidat
494 1318 620 1376 rusticus
642 1317 751 1376 inians:

29 1401 182 1480 Aequales
203 1400 318 1460 babitus
340 1400 401 1460 illic
423 1399 591 1478 similesque
613 1399 728 1460 videbis
759 1437 762 1444 ·

30 1485 220 1546 Orchestram
243 1494 272 1543 et
294 1484 446 1563 populum;
472 1484 542 1544 clari
565 1484 699 1544 velamen
719 1483 839 1544 honoris

29 1569 184 1630 Sufficiunt
205 1569 318 1629 tunicae
341 1568 457 1628 summis
479 1566 622 1627 aedilibus
641 1567 735 1640 albae.

29 1653 84 1713 llio
104 1652 178 1712 ultra
201 1652 280 1712 uires
302 1652 418 1713 babitus
438 1651 527 1722 nitor3
547 1651 594 1712 bio
614 1651 720 1731 aliquid
742 1652 807 1731 plus
972 1662 1023 1716 too

32 1738 122 1811 Quam
151 1736 221 1796 satis
246 1744 291 1796 est
312 1736 459 1796 interdum
476 1735 571 1796 aliena
594 1736 711 1795 sumitur
733 1754 811 1796 arca.

32 1821 190 1881 Commune
214 1819 242 1879 id
264 1821 360 1879 vitium
385 1827 448 1888 est;
489 1817 537 1878 bio
558 1821 679 1879 vivimus
703 1819 854 1880 ambitiosa

31 1905 207 1982 Paupertate
230 1920 348 1973 omnes;
386 1902 454 1981 quid
475 1911 504 1962 te
527 1900 645 1963 moror?
668 1904 762 1963 omnia
784 1901 895 1965 Romae

34 1987 103 2049 Cum
123 1988 230 2066 pretio.
274 1986 349 2061 Quid
372 1987 441 2062 das,
464 1996 495 2046 ut
517 1985 639 2047 Cossum
661 1982 815 2066 aliquando
838 1986 968 2048 salutes?

32 2073 69 2132 Ut
92 2081 121 2131 te
144 2071 281 2150 respiciat
302 2071 401 2132 clauso
423 2068 549 2131 Veiento
571 2067 704 2131 labello?
972 2083 1022 2135 185

32 2157 85 2215 llle
109 2156 189 2214 metit
209 2155 346 2230 barbam,
368 2155 476 2214 crinem
499 2155 547 2214 bic
569 2155 688 2234 deponit
710 2156 807 2214 amati:

34 2239 120 2299 Plena
144 2238 245 2298 domus
264 2238 331 2299 libis
352 2238 521 2306 venalibus;
542 2241 645 2317 accipe
667 2248 697 2299 et
720 2239 795 2298 istud

34 2323 215 2383 Fermeutum
238 2323 288 2382 tibi
310 2322 401 2382 babo:
423 2331 575 2401 praestare
598 2323 704 2383 tributa
726 2323 851 2382 clientes

35 2405 170 2484 Cogimur
193 2415 222 2466 et
245 2406 329 2466 cultis
354 2423 462 2485 augere
479 2407 603 2486 peculia
624 2408 727 2467 seruis.

74 2489 146 2564 Quis
166 2491 247 2550 timet
269 2498 317 2551 aut
340 2490 431 2553 timuit
452 2491 550 2568 gelida
572 2490 733 2551 Praeneste
751 2493 871 2566 ruinam,
973 2501 1023 2555 190

35 2574 91 2633 but
114 2575 218 2652 positis
238 2589 395 2635 nemorosa
415 2573 492 2636 luter
514 2575 579 2651 iuga
601 2573 757 2650 Volsiniis,
780 2583 828 2635 aut

35 2657 219 2736 Simplicibus
241 2657 356 2734 Gabiis,
378 2667 427 2718 aut
447 2660 531 2738 proni
554 2655 668 2717 'liburie
689 2655 779 2717 aree?

35 2740 95 2802 Nos
114 2741 215 2802 urbem
239 2741 358 2802 colimus
381 2745 459 2801 tenui
480 2742 598 2801 tibicine
621 2739 720 2800 iultam

35 2824 135 2902 llagna
154 2833 238 2904 parte
260 2827 320 2895 sui;
344 2843 408 2886 nam
428 2827 471 2886 sio
494 2824 658 2886 labentibus
680 2823 777 2884 obstat
849 2819 858 2835 '

36 2909 143 2970 Vilicus
167 2917 214 2988 et,
236 2911 347 2970 veteris
369 2911 459 2971 rimae
482 2926 566 2989 quum
589 2909 661 2969 texit
682 2907 798 2984 bialum,
973 2918 1021 2973 195
1046 2961 1048 2966 .

37 2994 162 3053 Securos
185 2994 331 3071 pendente
355 2993 435 3055 iubet
458 2993 583 3054 dormire
606 2993 700 3052 ruina·

38 3076 194 3137 Vivendum
217 3086 262 3136 est
283 3077 360 3154 illio,
383 3078 432 3137 ubi
450 3078 526 3139 nulla
548 3077 695 3152 incendia,
718 3075 788 3136 nulli

38 3159 127 3220 Nocte
148 3168 251 3220 metus.
296 3160 355 3222 lam
374 3163 470 3240 poscit
491 3178 612 3240 aquam,
636 3162 692 3221 iam
714 3159 820 3220 irivola
841 3160 978 3221 transfert

39 3241 202 3320 Ucalegon,
225 3244 354 3306 tabulata
377 3246 428 3305 tibi
449 3247 504 3306 iam
526 3247 610 3312 tertia
634 3245 760 3305 iumantz.

40 3325 78 3386 'lu
97 3329 207 3396 nescim
231 3346 294 3389 nam
319 3329 342 3388 si
363 3329 501 3406 gradibus
519 3329 679 3407 trepidatur
701 3330 737 3388 ab
760 3328 834 3404 imis,
969 3339 1022 3390 tob

40 3409 154 3471 Ultimus
176 3411 306 3488 ardebit,
330 3431 416 3492 quem
437 3412 535 3491 tegula
555 3413 618 3472 sola
640 3421 736 3472 tuetur

42 3493 63 3552 Α
84 3495 200 3574 pluvia,
220 3496 326 3556 molles
347 3495 395 3556 ubi
417 3497 539 3557 reddunt
561 3512 615 3556 ova
636 3496 798 3558 columbae.
