<?xml version="1.0" encoding="UTF-8"?>
<!DOCTYPE html PUBLIC "-//W3C//DTD XHTML 1.0 Transitional//EN"
    "http://www.w3.org/TR/xhtml1/DTD/xhtml1-transitional.dtd">
<html xmlns="http://www.w3.org/1999/xhtml" xml:lang="en" lang="en">
 <head>
  <title>
</title>
<meta http-equiv="Content-Type" content="text/html;charset=utf-8" />
  <meta name='ocr-system' content='tesseract 3.04.00' />
  <meta name='ocr-capabilities' content='ocr_page ocr_carea ocr_par ocr_line ocrx_word'/>
</head>
<body>
  <div class='ocr_page' id='page_1' title='image "./satirarumlibriq02juvegoog_0136.png"; bbox 0 0 2438 3994; ppageno 0'>
   <div class='ocr_carea' id='block_1_1' title="bbox 0 2025 2 2797">
    <p class='ocr_par' dir='ltr' id='par_1_1' title="bbox 0 2025 2 2797">
     <span class='ocr_line' id='line_1_1' title="bbox 0 2025 2 2797; baseline 0 0"><span class='ocrx_word' id='word_1_1' title='bbox 0 2025 2 2797; x_wconf 95' lang='lat' dir='ltr'><strong> </strong></span> 
     </span>
    </p>
   </div>
   <div class='ocr_carea' id='block_1_2' title="bbox 351 290 998 354">
    <p class='ocr_par' dir='ltr' id='par_1_2' title="bbox 351 290 998 354">
     <span class='ocr_line' id='line_1_2' title="bbox 351 290 998 354; baseline 0.014 -9"><span class='ocrx_word' id='word_1_2' title='bbox 351 298 477 346; x_wconf 73' lang='lat' dir='ltr'><strong>suumn</strong></span> <span class='ocrx_word' id='word_1_3' title='bbox 499 301 557 350; x_wconf 85' lang='lat' dir='ltr'><strong>xv.</strong></span> <span class='ocrx_word' id='word_1_4' title='bbox 824 290 837 330; x_wconf 58' lang='lat' dir='ltr'><strong>l</strong></span> <span class='ocrx_word' id='word_1_5' title='bbox 943 293 998 354; x_wconf 89' lang='grc'><strong>101</strong></span> 
     </span>
    </p>
   </div>
   <div class='ocr_carea' id='block_1_3' title="bbox 1 435 1003 3616">
    <p class='ocr_par' dir='ltr' id='par_1_3' title="bbox 17 435 1003 1270">
     <span class='ocr_line' id='line_1_3' title="bbox 19 435 827 518; baseline 0.004 -20"><span class='ocrx_word' id='word_1_6' title='bbox 19 441 49 498; x_wconf 87' lang='lat' dir='ltr'><strong>Si</strong></span> <span class='ocrx_word' id='word_1_7' title='bbox 74 439 173 496; x_wconf 87' lang='lat' dir='ltr'><strong>vivunt</strong></span> <span class='ocrx_word' id='word_1_8' title='bbox 195 435 317 496; x_wconf 80' lang='lat' dir='ltr'><strong>omnes?</strong></span> <span class='ocrx_word' id='word_1_9' title='bbox 341 455 413 514; x_wconf 84' lang='lat' dir='ltr'><strong>ergo</strong></span> <span class='ocrx_word' id='word_1_10' title='bbox 436 439 532 498; x_wconf 85' lang='lat' dir='ltr'><strong>aerior</strong></span> <span class='ocrx_word' id='word_1_11' title='bbox 554 438 695 518; x_wconf 90' lang='lat' dir='ltr'><strong>impetus,</strong></span> <span class='ocrx_word' id='word_1_12' title='bbox 720 450 750 500; x_wconf 93' lang='lat' dir='ltr'><strong>et</strong></span> <span class='ocrx_word' id='word_1_13' title='bbox 772 443 827 501; x_wconf 92' lang='lat' dir='ltr'><strong>iam</strong></span> 
     </span>
     <span class='ocr_line' id='line_1_4' title="bbox 19 520 764 599; baseline 0.004 -18"><span class='ocrx_word' id='word_1_14' title='bbox 19 524 94 582; x_wconf 84' lang='lat' dir='ltr'><strong>Saxa</strong></span> <span class='ocrx_word' id='word_1_15' title='bbox 115 520 259 581; x_wconf 90' lang='lat' dir='ltr'><strong>inoliuatis</strong></span> <span class='ocrx_word' id='word_1_16' title='bbox 284 538 338 599; x_wconf 92' lang='lat' dir='ltr'><strong>per</strong></span> <span class='ocrx_word' id='word_1_17' title='bbox 359 520 473 582; x_wconf 87' lang='lat' dir='ltr'><strong>humum</strong></span> <span class='ocrx_word' id='word_1_18' title='bbox 495 523 626 599; x_wconf 87' lang='lat' dir='ltr'><strong>quaesita</strong></span> <span class='ocrx_word' id='word_1_19' title='bbox 647 524 764 584; x_wconf 88' lang='lat' dir='ltr'><strong>laeertis</strong></span> 
     </span>
     <span class='ocr_line' id='line_1_5' title="bbox 18 604 677 684; baseline 0.002 -19"><span class='ocrx_word' id='word_1_20' title='bbox 18 605 160 684; x_wconf 80' lang='lat' dir='ltr'><strong>Incipiunt</strong></span> <span class='ocrx_word' id='word_1_21' title='bbox 181 612 339 682; x_wconf 85' lang='lat' dir='ltr'><strong>torquere,</strong></span> <span class='ocrx_word' id='word_1_22' title='bbox 361 604 521 666; x_wconf 80' lang='lat' dir='ltr'><strong>domestica</strong></span> <span class='ocrx_word' id='word_1_23' title='bbox 542 606 677 668; x_wconf 82' lang='lat' dir='ltr'><strong>seditioni</strong></span> 
     </span>
     <span class='ocr_line' id='line_1_6' title="bbox 18 687 1002 767; baseline 0.008 -19"><span class='ocrx_word' id='word_1_24' title='bbox 18 688 107 766; x_wconf 83' lang='lat' dir='ltr'><strong>Tela,</strong></span> <span class='ocrx_word' id='word_1_25' title='bbox 130 705 187 748; x_wconf 85' lang='lat' dir='ltr'><strong>neo</strong></span> <span class='ocrx_word' id='word_1_26' title='bbox 206 687 283 748; x_wconf 89' lang='lat' dir='ltr'><strong>buno</strong></span> <span class='ocrx_word' id='word_1_27' title='bbox 304 688 445 767; x_wconf 85' lang='lat' dir='ltr'><strong>lapidem,</strong></span> <span class='ocrx_word' id='word_1_28' title='bbox 469 689 572 767; x_wconf 87' lang='lat' dir='ltr'><strong>quales</strong></span> <span class='ocrx_word' id='word_1_29' title='bbox 593 699 624 750; x_wconf 92' lang='lat' dir='ltr'><strong>et</strong></span> <span class='ocrx_word' id='word_1_30' title='bbox 638 690 758 751; x_wconf 69' lang='lat' dir='ltr'><strong>sumus</strong></span> <span class='ocrx_word' id='word_1_31' title='bbox 781 699 811 751; x_wconf 90' lang='lat' dir='ltr'><strong>et</strong></span> <span class='ocrx_word' id='word_1_32' title='bbox 833 690 918 767; x_wconf 76' lang='lat' dir='ltr'><strong>Aiax,</strong></span> <span class='ocrx_word' id='word_1_33' title='bbox 958 703 1002 756; x_wconf 77' lang='grc'><strong>,65</strong></span> 
     </span>
     <span class='ocr_line' id='line_1_7' title="bbox 21 770 750 852; baseline 0.005 -21"><span class='ocrx_word' id='word_1_34' title='bbox 21 773 73 832; x_wconf 89' lang='lat' dir='ltr'><strong>Vel</strong></span> <span class='ocrx_word' id='word_1_35' title='bbox 96 788 154 851; x_wconf 84' lang='lat' dir='ltr'><strong>quo</strong></span> <span class='ocrx_word' id='word_1_36' title='bbox 177 770 305 846; x_wconf 81' lang='lat' dir='ltr'><strong>Tydides</strong></span> <span class='ocrx_word' id='word_1_37' title='bbox 327 773 472 851; x_wconf 79' lang='lat' dir='ltr'><strong>percussit</strong></span> <span class='ocrx_word' id='word_1_38' title='bbox 494 773 624 852; x_wconf 87' lang='lat' dir='ltr'><strong>pondere</strong></span> <span class='ocrx_word' id='word_1_39' title='bbox 647 792 750 835; x_wconf 86' lang='lat' dir='ltr'><strong>eoxam</strong></span> 
     </span>
     <span class='ocr_line' id='line_1_8' title="bbox 18 853 775 934; baseline 0.003 -19"><span class='ocrx_word' id='word_1_40' title='bbox 18 856 153 931; x_wconf 83' lang='lat' dir='ltr'><strong>Aeneae,</strong></span> <span class='ocrx_word' id='word_1_41' title='bbox 179 853 232 914; x_wconf 89' lang='lat' dir='ltr'><strong>sed</strong></span> <span class='ocrx_word' id='word_1_42' title='bbox 253 873 338 934; x_wconf 89' lang='lat' dir='ltr'><strong>quem</strong></span> <span class='ocrx_word' id='word_1_43' title='bbox 359 855 476 917; x_wconf 87' lang='lat' dir='ltr'><strong>valeant</strong></span> <span class='ocrx_word' id='word_1_44' title='bbox 497 859 629 919; x_wconf 80' lang='lat' dir='ltr'><strong>emittere</strong></span> <span class='ocrx_word' id='word_1_45' title='bbox 654 859 775 918; x_wconf 80' lang='lat' dir='ltr'><strong>dextrae</strong></span> 
     </span>
     <span class='ocr_line' id='line_1_9' title="bbox 18 938 703 1019; baseline 0.003 -21"><span class='ocrx_word' id='word_1_46' title='bbox 18 940 79 999; x_wconf 91' lang='lat' dir='ltr'><strong>Illis</strong></span> <span class='ocrx_word' id='word_1_47' title='bbox 102 938 256 999; x_wconf 89' lang='lat' dir='ltr'><strong>dissimiles</strong></span> <span class='ocrx_word' id='word_1_48' title='bbox 280 948 309 998; x_wconf 91' lang='lat' dir='ltr'><strong>et</strong></span> <span class='ocrx_word' id='word_1_49' title='bbox 331 948 433 1000; x_wconf 89' lang='lat' dir='ltr'><strong>nostro</strong></span> <span class='ocrx_word' id='word_1_50' title='bbox 453 948 587 1019; x_wconf 89' lang='lat' dir='ltr'><strong>tempore</strong></span> <span class='ocrx_word' id='word_1_51' title='bbox 609 950 703 1003; x_wconf 87' lang='lat' dir='ltr'><strong>natae.</strong></span> 
     </span>
     <span class='ocr_line' id='line_1_10' title="bbox 17 1022 824 1100; baseline 0.001 -17"><span class='ocrx_word' id='word_1_52' title='bbox 17 1022 89 1083; x_wconf 88' lang='lat' dir='ltr'><strong>Nam</strong></span> <span class='ocrx_word' id='word_1_53' title='bbox 109 1040 202 1100; x_wconf 75' lang='lat' dir='ltr'><strong>penus</strong></span> <span class='ocrx_word' id='word_1_54' title='bbox 225 1022 283 1082; x_wconf 90' lang='lat' dir='ltr'><strong>boo</strong></span> <span class='ocrx_word' id='word_1_55' title='bbox 304 1024 371 1082; x_wconf 83' lang='lat' dir='ltr'><strong>vivo</strong></span> <span class='ocrx_word' id='word_1_56' title='bbox 392 1025 449 1084; x_wconf 92' lang='lat' dir='ltr'><strong>iam</strong></span> <span class='ocrx_word' id='word_1_57' title='bbox 470 1023 662 1086; x_wconf 88' lang='lat' dir='ltr'><strong>deoresoebat</strong></span> <span class='ocrx_word' id='word_1_58' title='bbox 684 1024 824 1092; x_wconf 86' lang='lat' dir='ltr'><strong>Homero;</strong></span> 
     </span>
     <span class='ocr_line' id='line_1_11' title="bbox 19 1105 1003 1189; baseline 0.006 -23"><span class='ocrx_word' id='word_1_59' title='bbox 19 1107 109 1166; x_wconf 86' lang='lat' dir='ltr'><strong>Terra</strong></span> <span class='ocrx_word' id='word_1_60' title='bbox 127 1105 221 1166; x_wconf 93' lang='lat' dir='ltr'><strong>malos</strong></span> <span class='ocrx_word' id='word_1_61' title='bbox 242 1107 373 1167; x_wconf 88' lang='lat' dir='ltr'><strong>homines</strong></span> <span class='ocrx_word' id='word_1_62' title='bbox 394 1125 471 1167; x_wconf 87' lang='lat' dir='ltr'><strong>nune</strong></span> <span class='ocrx_word' id='word_1_63' title='bbox 497 1108 602 1170; x_wconf 89' lang='lat' dir='ltr'><strong>eduoat</strong></span> <span class='ocrx_word' id='word_1_64' title='bbox 627 1117 714 1189; x_wconf 89' lang='lat' dir='ltr'><strong>atque</strong></span> <span class='ocrx_word' id='word_1_65' title='bbox 737 1108 870 1188; x_wconf 89' lang='lat' dir='ltr'><strong>pusillos.</strong></span> <span class='ocrx_word' id='word_1_66' title='bbox 968 1117 1003 1172; x_wconf 84' lang='lat' dir='ltr'><strong>io</strong></span> 
     </span>
     <span class='ocr_line' id='line_1_12' title="bbox 18 1190 813 1270; baseline 0.004 -21"><span class='ocrx_word' id='word_1_67' title='bbox 18 1190 97 1268; x_wconf 82' lang='lat' dir='ltr'><strong>Ergo</strong></span> <span class='ocrx_word' id='word_1_68' title='bbox 125 1190 213 1266; x_wconf 88' lang='lat' dir='ltr'><strong>deus,</strong></span> <span class='ocrx_word' id='word_1_69' title='bbox 238 1192 411 1269; x_wconf 81' lang='lat' dir='ltr'><strong>quicumque</strong></span> <span class='ocrx_word' id='word_1_70' title='bbox 436 1193 567 1270; x_wconf 80' lang='lat' dir='ltr'><strong>aspexit,</strong></span> <span class='ocrx_word' id='word_1_71' title='bbox 592 1192 669 1256; x_wconf 91' lang='lat' dir='ltr'><strong>ridet</strong></span> <span class='ocrx_word' id='word_1_72' title='bbox 691 1202 720 1252; x_wconf 91' lang='lat' dir='ltr'><strong>et</strong></span> <span class='ocrx_word' id='word_1_73' title='bbox 743 1193 813 1252; x_wconf 90' lang='lat' dir='ltr'><strong>odit.</strong></span> 
     </span>
    </p>

    <p class='ocr_par' dir='ltr' id='par_1_4' title="bbox 1 1272 1002 3616">
     <span class='ocr_line' id='line_1_13' title="bbox 54 1272 793 1355; baseline 0.004 -23"><span class='ocrx_word' id='word_1_74' title='bbox 54 1272 86 1332; x_wconf 57' lang='lat' dir='ltr'><strong>&gt;A</strong></span> <span class='ocrx_word' id='word_1_75' title='bbox 108 1274 290 1334; x_wconf 83' lang='lat' dir='ltr'><strong>deverticulo</strong></span> <span class='ocrx_word' id='word_1_76' title='bbox 314 1282 464 1353; x_wconf 89' lang='lat' dir='ltr'><strong>repetatur</strong></span> <span class='ocrx_word' id='word_1_77' title='bbox 485 1274 592 1336; x_wconf 90' lang='lat' dir='ltr'><strong>iabula.</strong></span> <span class='ocrx_word' id='word_1_78' title='bbox 628 1276 793 1355; x_wconf 86' lang='lat' dir='ltr'><strong>Postquam,</strong></span> 
     </span>
     <span class='ocr_line' id='line_1_14' title="bbox 18 1356 769 1438; baseline 0.003 -22"><span class='ocrx_word' id='word_1_79' title='bbox 18 1356 159 1417; x_wconf 89' lang='lat' dir='ltr'><strong>Subsidiis</strong></span> <span class='ocrx_word' id='word_1_80' title='bbox 181 1360 275 1435; x_wconf 83' lang='lat' dir='ltr'><strong>aucti,</strong></span> <span class='ocrx_word' id='word_1_81' title='bbox 298 1375 366 1437; x_wconf 91' lang='lat' dir='ltr'><strong>pars</strong></span> <span class='ocrx_word' id='word_1_82' title='bbox 388 1357 480 1418; x_wconf 90' lang='lat' dir='ltr'><strong>altera</strong></span> <span class='ocrx_word' id='word_1_83' title='bbox 502 1376 639 1438; x_wconf 86' lang='lat' dir='ltr'><strong>promere</strong></span> <span class='ocrx_word' id='word_1_84' title='bbox 661 1360 769 1420; x_wconf 81' lang='lat' dir='ltr'><strong>ferrum</strong></span> 
     </span>
     <span class='ocr_line' id='line_1_15' title="bbox 1 1440 783 1521; baseline 0.003 -21"><span class='ocrx_word' id='word_1_85' title='bbox 1 1440 114 1520; x_wconf 54' lang='lat' dir='ltr'><strong>,Audet</strong></span> <span class='ocrx_word' id='word_1_86' title='bbox 137 1450 166 1501; x_wconf 92' lang='lat' dir='ltr'><strong>et</strong></span> <span class='ocrx_word' id='word_1_87' title='bbox 189 1441 301 1501; x_wconf 82' lang='lat' dir='ltr'><strong>infestis</strong></span> <span class='ocrx_word' id='word_1_88' title='bbox 323 1459 449 1521; x_wconf 79' lang='lat' dir='ltr'><strong>pugnam</strong></span> <span class='ocrx_word' id='word_1_89' title='bbox 469 1443 630 1504; x_wconf 89' lang='lat' dir='ltr'><strong>instaurare</strong></span> <span class='ocrx_word' id='word_1_90' title='bbox 654 1444 783 1521; x_wconf 79' lang='lat' dir='ltr'><strong>sagittis:</strong></span> 
     </span>
     <span class='ocr_line' id='line_1_16' title="bbox 17 1524 1002 1605; baseline 0.001 -21"><span class='ocrx_word' id='word_1_91' title='bbox 17 1525 113 1602; x_wconf 81' lang='lat' dir='ltr'><strong>Terga</strong></span> <span class='ocrx_word' id='word_1_92' title='bbox 139 1525 208 1602; x_wconf 78' lang='lat' dir='ltr'><strong>iuga</strong></span> <span class='ocrx_word' id='word_1_93' title='bbox 231 1525 323 1586; x_wconf 85' lang='lat' dir='ltr'><strong>celeri</strong></span> <span class='ocrx_word' id='word_1_94' title='bbox 345 1533 510 1605; x_wconf 85' lang='lat' dir='ltr'><strong>praestant,</strong></span> <span class='ocrx_word' id='word_1_95' title='bbox 536 1525 707 1588; x_wconf 89' lang='lat' dir='ltr'><strong>instantibus</strong></span> <span class='ocrx_word' id='word_1_96' title='bbox 730 1524 838 1601; x_wconf 88' lang='lat' dir='ltr'><strong>Ombis,</strong></span> <span class='ocrx_word' id='word_1_97' title='bbox 967 1537 1002 1593; x_wconf 78' lang='lat'><strong>75</strong></span> 
     </span>
     <span class='ocr_line' id='line_1_17' title="bbox 17 1608 985 1690; baseline 0.005 -24"><span class='ocrx_word' id='word_1_98' title='bbox 17 1609 73 1682; x_wconf 88' lang='lat' dir='ltr'><strong>Qui</strong></span> <span class='ocrx_word' id='word_1_99' title='bbox 94 1610 189 1669; x_wconf 82' lang='lat' dir='ltr'><strong>vioina</strong></span> <span class='ocrx_word' id='word_1_100' title='bbox 216 1609 315 1669; x_wconf 91' lang='lat' dir='ltr'><strong>ooluut</strong></span> <span class='ocrx_word' id='word_1_101' title='bbox 337 1608 491 1670; x_wconf 85' lang='lat' dir='ltr'><strong>umbrosae</strong></span> <span class='ocrx_word' id='word_1_102' title='bbox 513 1608 640 1685; x_wconf 81' lang='lat' dir='ltr'><strong>Tentyra</strong></span> <span class='ocrx_word' id='word_1_103' title='bbox 662 1610 786 1690; x_wconf 89' lang='lat' dir='ltr'><strong>palmae.</strong></span> <span class='ocrx_word' id='word_1_104' title='bbox 981 1629 985 1636; x_wconf 63' lang='lat'><strong><em>¹</em></strong></span> 
     </span>
     <span class='ocr_line' id='line_1_18' title="bbox 15 1692 809 1770; baseline 0.004 -20"><span class='ocrx_word' id='word_1_105' title='bbox 15 1692 134 1752; x_wconf 91' lang='lat' dir='ltr'><strong>Labitur</strong></span> <span class='ocrx_word' id='word_1_106' title='bbox 159 1693 226 1752; x_wconf 90' lang='lat' dir='ltr'><strong>biuo</strong></span> <span class='ocrx_word' id='word_1_107' title='bbox 252 1693 382 1770; x_wconf 88' lang='lat' dir='ltr'><strong>quidam,</strong></span> <span class='ocrx_word' id='word_1_108' title='bbox 410 1694 494 1754; x_wconf 91' lang='lat' dir='ltr'><strong>nimia</strong></span> <span class='ocrx_word' id='word_1_109' title='bbox 515 1694 668 1755; x_wconf 80' lang='lat' dir='ltr'><strong>formidine</strong></span> <span class='ocrx_word' id='word_1_110' title='bbox 695 1713 809 1756; x_wconf 79' lang='lat' dir='ltr'><strong>sursum</strong></span> 
     </span>
     <span class='ocr_line' id='line_1_19' title="bbox 15 1775 952 1858; baseline 0.003 -23"><span class='ocrx_word' id='word_1_111' title='bbox 15 1775 235 1854; x_wconf 78' lang='lat' dir='ltr'><strong>Praecipitans,</strong></span> <span class='ocrx_word' id='word_1_112' title='bbox 260 1778 430 1856; x_wconf 79' lang='lat' dir='ltr'><strong>capiturque</strong></span> <span class='ocrx_word' id='word_1_113' title='bbox 438 1797 446 1850; x_wconf 92' lang='lat'>;</span> <span class='ocrx_word' id='word_1_114' title='bbox 473 1787 519 1838; x_wconf 92' lang='lat' dir='ltr'><strong>ast</strong></span> <span class='ocrx_word' id='word_1_115' title='bbox 543 1778 674 1839; x_wconf 92' lang='lat' dir='ltr'><strong>illumin</strong></span> <span class='ocrx_word' id='word_1_116' title='bbox 697 1779 819 1858; x_wconf 87' lang='lat' dir='ltr'><strong>plurima</strong></span> <span class='ocrx_word' id='word_1_117' title='bbox 842 1789 952 1839; x_wconf 90' lang='lat' dir='ltr'><strong>seotum</strong></span> 
     </span>
     <span class='ocr_line' id='line_1_20' title="bbox 15 1859 785 1938; baseline 0.004 -20"><span class='ocrx_word' id='word_1_118' title='bbox 15 1859 119 1919; x_wconf 84' lang='lat' dir='ltr'><strong>Frusta</strong></span> <span class='ocrx_word' id='word_1_119' title='bbox 145 1869 175 1920; x_wconf 89' lang='lat' dir='ltr'><strong>et</strong></span> <span class='ocrx_word' id='word_1_120' title='bbox 196 1859 369 1938; x_wconf 81' lang='lat' dir='ltr'><strong>particulas,</strong></span> <span class='ocrx_word' id='word_1_121' title='bbox 389 1870 421 1920; x_wconf 95' lang='lat' dir='ltr'><strong>ut</strong></span> <span class='ocrx_word' id='word_1_122' title='bbox 446 1862 542 1923; x_wconf 92' lang='lat' dir='ltr'><strong>multis</strong></span> <span class='ocrx_word' id='word_1_123' title='bbox 563 1872 692 1924; x_wconf 89' lang='lat' dir='ltr'><strong>mortuus</strong></span> <span class='ocrx_word' id='word_1_124' title='bbox 713 1880 785 1922; x_wconf 90' lang='lat' dir='ltr'><strong>unus</strong></span> 
     </span>
     <span class='ocr_line' id='line_1_21' title="bbox 16 1943 1001 2020; baseline 0.008 -18"><span class='ocrx_word' id='word_1_125' title='bbox 16 1943 191 2020; x_wconf 83' lang='lat' dir='ltr'><strong>Suilloeret,</strong></span> <span class='ocrx_word' id='word_1_126' title='bbox 213 1952 304 2003; x_wconf 91' lang='lat' dir='ltr'><strong>totum</strong></span> <span class='ocrx_word' id='word_1_127' title='bbox 327 1946 456 2004; x_wconf 78' lang='lat' dir='ltr'><strong>corrosis</strong></span> <span class='ocrx_word' id='word_1_128' title='bbox 479 1944 593 2006; x_wconf 90' lang='lat' dir='ltr'><strong>ossibus</strong></span> <span class='ocrx_word' id='word_1_129' title='bbox 621 1946 680 2006; x_wconf 91' lang='lat' dir='ltr'><strong>edit</strong></span> <span class='ocrx_word' id='word_1_130' title='bbox 966 1957 1001 2010; x_wconf 78' lang='lat'><strong>80</strong></span> 
     </span>
     <span class='ocr_line' id='line_1_22' title="bbox 18 2025 704 2103; baseline 0.004 -17"><span class='ocrx_word' id='word_1_131' title='bbox 18 2029 130 2087; x_wconf 78' lang='lat' dir='ltr'><strong>Victrix</strong></span> <span class='ocrx_word' id='word_1_132' title='bbox 153 2025 253 2103; x_wconf 88' lang='lat' dir='ltr'><strong>turba,</strong></span> <span class='ocrx_word' id='word_1_133' title='bbox 276 2045 332 2087; x_wconf 87' lang='lat' dir='ltr'><strong>neo</strong></span> <span class='ocrx_word' id='word_1_134' title='bbox 354 2028 464 2089; x_wconf 90' lang='lat' dir='ltr'><strong>ardenti</strong></span> <span class='ocrx_word' id='word_1_135' title='bbox 490 2028 607 2088; x_wconf 85' lang='lat' dir='ltr'><strong>deoonit</strong></span> <span class='ocrx_word' id='word_1_136' title='bbox 629 2047 704 2089; x_wconf 89' lang='lat' dir='ltr'><strong>aeno</strong></span> 
     </span>
     <span class='ocr_line' id='line_1_23' title="bbox 17 2109 904 2194; baseline 0.002 -24"><span class='ocrx_word' id='word_1_137' title='bbox 17 2112 76 2170; x_wconf 80' lang='lat' dir='ltr'><strong>Aut</strong></span> <span class='ocrx_word' id='word_1_138' title='bbox 96 2109 234 2194; x_wconf 75' lang='lat' dir='ltr'><strong>veribus,</strong></span> <span class='ocrx_word' id='word_1_139' title='bbox 254 2110 372 2188; x_wconf 78' lang='lat' dir='ltr'><strong>longum</strong></span> <span class='ocrx_word' id='word_1_140' title='bbox 394 2112 580 2190; x_wconf 89' lang='lat' dir='ltr'><strong>usqueadeo</strong></span> <span class='ocrx_word' id='word_1_141' title='bbox 602 2113 771 2192; x_wconf 86' lang='lat' dir='ltr'><strong>tardumque</strong></span> <span class='ocrx_word' id='word_1_142' title='bbox 793 2115 904 2191; x_wconf 89' lang='lat' dir='ltr'><strong>putavit</strong></span> 
     </span>
     <span class='ocr_line' id='line_1_24' title="bbox 18 2195 775 2273; baseline 0 -20"><span class='ocrx_word' id='word_1_143' title='bbox 18 2195 202 2273; x_wconf 79' lang='lat' dir='ltr'><strong>Exspectare</strong></span> <span class='ocrx_word' id='word_1_144' title='bbox 225 2196 326 2271; x_wconf 90' lang='lat' dir='ltr'><strong>iooos,</strong></span> <span class='ocrx_word' id='word_1_145' title='bbox 351 2203 487 2256; x_wconf 76' lang='lat' dir='ltr'><strong>contenta</strong></span> <span class='ocrx_word' id='word_1_146' title='bbox 510 2196 655 2258; x_wconf 82' lang='lat' dir='ltr'><strong>cadavere</strong></span> <span class='ocrx_word' id='word_1_147' title='bbox 676 2195 775 2257; x_wconf 90' lang='lat' dir='ltr'><strong>orudo.</strong></span> 
     </span>
     <span class='ocr_line' id='line_1_25' title="bbox 16 2277 988 2359; baseline 0.002 -21"><span class='ocrx_word' id='word_1_148' title='bbox 16 2279 69 2338; x_wconf 88' lang='lat' dir='ltr'><strong>llio</strong></span> <span class='ocrx_word' id='word_1_149' title='bbox 91 2279 221 2355; x_wconf 78' lang='lat' dir='ltr'><strong>gaudere</strong></span> <span class='ocrx_word' id='word_1_150' title='bbox 243 2277 332 2354; x_wconf 91' lang='lat' dir='ltr'><strong>libet,</strong></span> <span class='ocrx_word' id='word_1_151' title='bbox 356 2279 434 2359; x_wconf 84' lang='lat' dir='ltr'><strong>quod</strong></span> <span class='ocrx_word' id='word_1_152' title='bbox 455 2295 513 2339; x_wconf 90' lang='lat' dir='ltr'><strong>uon</strong></span> <span class='ocrx_word' id='word_1_153' title='bbox 536 2280 691 2342; x_wconf 85' lang='lat' dir='ltr'><strong>violaverit</strong></span> <span class='ocrx_word' id='word_1_154' title='bbox 711 2281 818 2358; x_wconf 78' lang='lat' dir='ltr'><strong>ignem,</strong></span> <span class='ocrx_word' id='word_1_155' title='bbox 984 2339 988 2351; x_wconf 85' lang='grc'>,</span> 
     </span>
     <span class='ocr_line' id='line_1_26' title="bbox 17 2363 1001 2443; baseline 0.008 -23"><span class='ocrx_word' id='word_1_156' title='bbox 17 2363 111 2436; x_wconf 84' lang='lat' dir='ltr'><strong>Quem</strong></span> <span class='ocrx_word' id='word_1_157' title='bbox 133 2379 241 2422; x_wconf 89' lang='lat' dir='ltr'><strong>summa</strong></span> <span class='ocrx_word' id='word_1_158' title='bbox 267 2363 344 2424; x_wconf 85' lang='lat' dir='ltr'><strong>coeli</strong></span> <span class='ocrx_word' id='word_1_159' title='bbox 366 2372 478 2442; x_wconf 92' lang='lat' dir='ltr'><strong>raptum</strong></span> <span class='ocrx_word' id='word_1_160' title='bbox 501 2364 538 2426; x_wconf 95' lang='lat' dir='ltr'><strong>de</strong></span> <span class='ocrx_word' id='word_1_161' title='bbox 560 2374 643 2443; x_wconf 90' lang='lat' dir='ltr'><strong>parte</strong></span> <span class='ocrx_word' id='word_1_162' title='bbox 665 2364 854 2427; x_wconf 88' lang='lat' dir='ltr'><strong>Prometheus</strong></span> <span class='ocrx_word' id='word_1_163' title='bbox 966 2375 1001 2430; x_wconf 79' lang='lat'><strong>85</strong></span> 
     </span>
     <span class='ocr_line' id='line_1_27' title="bbox 16 2447 706 2526; baseline 0.009 -22"><span class='ocrx_word' id='word_1_164' title='bbox 16 2447 143 2506; x_wconf 86' lang='lat' dir='ltr'><strong>Donavit</strong></span> <span class='ocrx_word' id='word_1_165' title='bbox 163 2447 265 2515; x_wconf 88' lang='lat' dir='ltr'><strong>terris;</strong></span> <span class='ocrx_word' id='word_1_166' title='bbox 289 2448 447 2525; x_wconf 83' lang='lat' dir='ltr'><strong>[elemento</strong></span> <span class='ocrx_word' id='word_1_167' title='bbox 471 2449 603 2526; x_wconf 80' lang='lat' dir='ltr'><strong>gratulor</strong></span> <span class='ocrx_word' id='word_1_168' title='bbox 626 2458 706 2510; x_wconf 88' lang='lat' dir='ltr'><strong>etto</strong></span> 
     </span>
     <span class='ocr_line' id='line_1_28' title="bbox 16 2529 759 2610; baseline 0.009 -23"><span class='ocrx_word' id='word_1_169' title='bbox 16 2529 173 2589; x_wconf 81' lang='lat' dir='ltr'><strong>Exsultare</strong></span> <span class='ocrx_word' id='word_1_170' title='bbox 195 2531 288 2608; x_wconf 78' lang='lat' dir='ltr'><strong>reor]</strong></span> <span class='ocrx_word' id='word_1_171' title='bbox 325 2532 384 2592; x_wconf 89' lang='lat' dir='ltr'><strong>Sed</strong></span> <span class='ocrx_word' id='word_1_172' title='bbox 407 2534 455 2610; x_wconf 87' lang='lat' dir='ltr'><strong>qui</strong></span> <span class='ocrx_word' id='word_1_173' title='bbox 474 2533 610 2592; x_wconf 89' lang='lat' dir='ltr'><strong>mordere</strong></span> <span class='ocrx_word' id='word_1_174' title='bbox 633 2534 759 2596; x_wconf 83' lang='lat' dir='ltr'><strong>cadaver</strong></span> 
     </span>
     <span class='ocr_line' id='line_1_29' title="bbox 2 2612 832 2691; baseline 0.004 -18"><span class='ocrx_word' id='word_1_175' title='bbox 2 2613 174 2685; x_wconf 79' lang='lat' dir='ltr'><strong>Sustinuit,</strong></span> <span class='ocrx_word' id='word_1_176' title='bbox 197 2612 237 2670; x_wconf 90' lang='lat' dir='ltr'><strong>nil</strong></span> <span class='ocrx_word' id='word_1_177' title='bbox 258 2630 391 2691; x_wconf 85' lang='lat' dir='ltr'><strong>umquam</strong></span> <span class='ocrx_word' id='word_1_178' title='bbox 411 2615 467 2674; x_wconf 85' lang='lat' dir='ltr'><strong>bae</strong></span> <span class='ocrx_word' id='word_1_179' title='bbox 490 2633 577 2674; x_wconf 87' lang='lat' dir='ltr'><strong>earne</strong></span> <span class='ocrx_word' id='word_1_180' title='bbox 598 2616 736 2676; x_wconf 89' lang='lat' dir='ltr'><strong>libentius</strong></span> <span class='ocrx_word' id='word_1_181' title='bbox 760 2617 832 2684; x_wconf 86' lang='lat' dir='ltr'><strong>edit;</strong></span> 
     </span>
     <span class='ocr_line' id='line_1_30' title="bbox 16 2693 828 2776; baseline 0.002 -20"><span class='ocrx_word' id='word_1_182' title='bbox 16 2695 90 2756; x_wconf 92' lang='lat' dir='ltr'><strong>Nam</strong></span> <span class='ocrx_word' id='word_1_183' title='bbox 111 2693 229 2754; x_wconf 90' lang='lat' dir='ltr'><strong>soelere</strong></span> <span class='ocrx_word' id='word_1_184' title='bbox 250 2696 279 2753; x_wconf 90' lang='lat' dir='ltr'><strong>in</strong></span> <span class='ocrx_word' id='word_1_185' title='bbox 301 2703 380 2755; x_wconf 90' lang='lat' dir='ltr'><strong>tanto</strong></span> <span class='ocrx_word' id='word_1_186' title='bbox 403 2715 441 2756; x_wconf 90' lang='lat' dir='ltr'><strong>ue</strong></span> <span class='ocrx_word' id='word_1_187' title='bbox 459 2715 583 2776; x_wconf 85' lang='lat' dir='ltr'><strong>quaeras</strong></span> <span class='ocrx_word' id='word_1_188' title='bbox 606 2707 635 2756; x_wconf 94' lang='lat' dir='ltr'><strong>et</strong></span> <span class='ocrx_word' id='word_1_189' title='bbox 657 2698 771 2760; x_wconf 87' lang='lat' dir='ltr'><strong>dubites</strong></span> <span class='ocrx_word' id='word_1_190' title='bbox 792 2717 828 2760; x_wconf 90' lang='lat' dir='ltr'><strong>an</strong></span> 
     </span>
     <span class='ocr_line' id='line_1_31' title="bbox 16 2777 1002 2857; baseline 0.008 -18"><span class='ocrx_word' id='word_1_191' title='bbox 16 2781 110 2840; x_wconf 91' lang='lat' dir='ltr'><strong>Prima</strong></span> <span class='ocrx_word' id='word_1_192' title='bbox 130 2777 308 2857; x_wconf 88' lang='lat' dir='ltr'><strong>voluptatem</strong></span> <span class='ocrx_word' id='word_1_193' title='bbox 329 2779 397 2856; x_wconf 77' lang='lat' dir='ltr'><strong>gula</strong></span> <span class='ocrx_word' id='word_1_194' title='bbox 416 2781 556 2848; x_wconf 89' lang='lat' dir='ltr'><strong>senserit;</strong></span> <span class='ocrx_word' id='word_1_195' title='bbox 580 2779 694 2842; x_wconf 90' lang='lat' dir='ltr'><strong>ultimus</strong></span> <span class='ocrx_word' id='word_1_196' title='bbox 717 2792 814 2844; x_wconf 91' lang='lat' dir='ltr'><strong>autem</strong></span> <span class='ocrx_word' id='word_1_197' title='bbox 968 2793 1002 2847; x_wconf 86' lang='lat'><strong>90</strong></span> 
     </span>
     <span class='ocr_line' id='line_1_32' title="bbox 17 2860 813 2941; baseline 0.001 -19"><span class='ocrx_word' id='word_1_198' title='bbox 17 2865 74 2938; x_wconf 80' lang='lat' dir='ltr'><strong>Qui</strong></span> <span class='ocrx_word' id='word_1_199' title='bbox 96 2862 191 2937; x_wconf 89' lang='lat' dir='ltr'><strong>stetit,</strong></span> <span class='ocrx_word' id='word_1_200' title='bbox 215 2860 367 2940; x_wconf 88' lang='lat' dir='ltr'><strong>absumpto</strong></span> <span class='ocrx_word' id='word_1_201' title='bbox 390 2864 445 2922; x_wconf 92' lang='lat' dir='ltr'><strong>iam</strong></span> <span class='ocrx_word' id='word_1_202' title='bbox 468 2871 530 2922; x_wconf 91' lang='lat' dir='ltr'><strong>toto</strong></span> <span class='ocrx_word' id='word_1_203' title='bbox 553 2878 697 2941; x_wconf 78' lang='lat' dir='ltr'><strong>corpore,</strong></span> <span class='ocrx_word' id='word_1_204' title='bbox 721 2865 813 2926; x_wconf 89' lang='lat' dir='ltr'><strong>duotis</strong></span> 
     </span>
     <span class='ocr_line' id='line_1_33' title="bbox 17 2945 810 3028; baseline -0.003 -21"><span class='ocrx_word' id='word_1_205' title='bbox 17 2948 74 3007; x_wconf 92' lang='lat' dir='ltr'><strong>Per</strong></span> <span class='ocrx_word' id='word_1_206' title='bbox 100 2954 206 3006; x_wconf 91' lang='lat' dir='ltr'><strong>terram</strong></span> <span class='ocrx_word' id='word_1_207' title='bbox 233 2945 329 3023; x_wconf 70' lang='lat' dir='ltr'><strong>digitis</strong></span> <span class='ocrx_word' id='word_1_208' title='bbox 351 2946 459 3025; x_wconf 87' lang='lat' dir='ltr'><strong>aliquid</strong></span> <span class='ocrx_word' id='word_1_209' title='bbox 481 2946 518 3006; x_wconf 91' lang='lat' dir='ltr'><strong>de</strong></span> <span class='ocrx_word' id='word_1_210' title='bbox 543 2950 683 3028; x_wconf 79' lang='lat' dir='ltr'><strong>sanguine</strong></span> <span class='ocrx_word' id='word_1_211' title='bbox 705 2958 810 3026; x_wconf 81' lang='lat' dir='ltr'><strong>gustat.</strong></span> 
     </span>
     <span class='ocr_line' id='line_1_34' title="bbox 18 3028 861 3107; baseline 0 -17"><span class='ocrx_word' id='word_1_212' title='bbox 18 3031 187 3107; x_wconf 84' lang='lat' dir='ltr'><strong>Vascones,</strong></span> <span class='ocrx_word' id='word_1_213' title='bbox 210 3028 284 3090; x_wconf 83' lang='lat' dir='ltr'><strong>haee</strong></span> <span class='ocrx_word' id='word_1_214' title='bbox 306 3030 382 3092; x_wconf 88' lang='lat' dir='ltr'><strong>lama</strong></span> <span class='ocrx_word' id='word_1_215' title='bbox 405 3040 469 3106; x_wconf 89' lang='lat' dir='ltr'><strong>est,</strong></span> <span class='ocrx_word' id='word_1_216' title='bbox 495 3030 638 3091; x_wconf 84' lang='lat' dir='ltr'><strong>alimentis</strong></span> <span class='ocrx_word' id='word_1_217' title='bbox 662 3030 767 3092; x_wconf 91' lang='lat' dir='ltr'><strong>talibus</strong></span> <span class='ocrx_word' id='word_1_218' title='bbox 794 3031 861 3090; x_wconf 94' lang='lat' dir='ltr'><strong>olim</strong></span> 
     </span>
     <span class='ocr_line' id='line_1_35' title="bbox 19 3113 800 3189; baseline -0.003 -13"><span class='ocrx_word' id='word_1_219' title='bbox 19 3113 188 3176; x_wconf 88' lang='lat' dir='ltr'><strong>Produxere</strong></span> <span class='ocrx_word' id='word_1_220' title='bbox 210 3116 333 3175; x_wconf 89' lang='lat' dir='ltr'><strong>animas:</strong></span> <span class='ocrx_word' id='word_1_221' title='bbox 360 3116 414 3176; x_wconf 93' lang='lat' dir='ltr'><strong>sed</strong></span> <span class='ocrx_word' id='word_1_222' title='bbox 436 3131 485 3174; x_wconf 89' lang='lat' dir='ltr'><strong>res</strong></span> <span class='ocrx_word' id='word_1_223' title='bbox 505 3113 637 3189; x_wconf 87' lang='lat' dir='ltr'><strong>diversa,</strong></span> <span class='ocrx_word' id='word_1_224' title='bbox 659 3115 713 3176; x_wconf 87' lang='lat' dir='ltr'><strong>sod</strong></span> <span class='ocrx_word' id='word_1_225' title='bbox 739 3115 800 3175; x_wconf 88' lang='lat' dir='ltr'><strong>illio</strong></span> 
     </span>
     <span class='ocr_line' id='line_1_36' title="bbox 20 3198 1000 3277; baseline 0.006 -19"><span class='ocrx_word' id='word_1_226' title='bbox 20 3199 165 3258; x_wconf 85' lang='lat' dir='ltr'><strong>Fortunae</strong></span> <span class='ocrx_word' id='word_1_227' title='bbox 188 3199 293 3260; x_wconf 89' lang='lat' dir='ltr'><strong>invidia</strong></span> <span class='ocrx_word' id='word_1_228' title='bbox 316 3208 361 3259; x_wconf 89' lang='lat' dir='ltr'><strong>est</strong></span> <span class='ocrx_word' id='word_1_229' title='bbox 379 3198 583 3277; x_wconf 89' lang='lat' dir='ltr'><strong>bellorumque</strong></span> <span class='ocrx_word' id='word_1_230' title='bbox 608 3199 721 3276; x_wconf 90' lang='lat' dir='ltr'><strong>ultima,</strong></span> <span class='ocrx_word' id='word_1_231' title='bbox 747 3216 832 3259; x_wconf 83' lang='lat' dir='ltr'><strong>casus</strong></span> <span class='ocrx_word' id='word_1_232' title='bbox 967 3209 1000 3264; x_wconf 81' lang='lat'><strong>95</strong></span> 
     </span>
     <span class='ocr_line' id='line_1_37' title="bbox 20 3282 719 3360; baseline -0.003 -17"><span class='ocrx_word' id='word_1_233' title='bbox 20 3283 165 3358; x_wconf 81' lang='lat' dir='ltr'><strong>Extremi,</strong></span> <span class='ocrx_word' id='word_1_234' title='bbox 191 3282 298 3360; x_wconf 77' lang='lat' dir='ltr'><strong>longae</strong></span> <span class='ocrx_word' id='word_1_235' title='bbox 322 3283 383 3344; x_wconf 91' lang='lat' dir='ltr'><strong>dira</strong></span> <span class='ocrx_word' id='word_1_236' title='bbox 410 3283 569 3344; x_wconf 84' lang='lat' dir='ltr'><strong>obsidionis</strong></span> <span class='ocrx_word' id='word_1_237' title='bbox 592 3292 719 3360; x_wconf 81' lang='lat' dir='ltr'><strong>egestas.</strong></span> 
     </span>
     <span class='ocr_line' id='line_1_38' title="bbox 20 3365 849 3446; baseline -0.002 -20"><span class='ocrx_word' id='word_1_238' title='bbox 20 3367 108 3426; x_wconf 83' lang='lat' dir='ltr'><strong>liuius</strong></span> <span class='ocrx_word' id='word_1_239' title='bbox 129 3368 219 3444; x_wconf 87' lang='lat' dir='ltr'><strong>enim,</strong></span> <span class='ocrx_word' id='word_1_240' title='bbox 242 3367 321 3446; x_wconf 82' lang='lat' dir='ltr'><strong>quod</strong></span> <span class='ocrx_word' id='word_1_241' title='bbox 344 3386 420 3428; x_wconf 88' lang='lat' dir='ltr'><strong>nuno</strong></span> <span class='ocrx_word' id='word_1_242' title='bbox 440 3369 550 3445; x_wconf 77' lang='lat' dir='ltr'><strong>agitur,</strong></span> <span class='ocrx_word' id='word_1_243' title='bbox 572 3367 738 3428; x_wconf 88' lang='lat' dir='ltr'><strong>miserabile</strong></span> <span class='ocrx_word' id='word_1_244' title='bbox 761 3365 849 3427; x_wconf 91' lang='lat' dir='ltr'><strong>debet</strong></span> 
     </span>
     <span class='ocr_line' id='line_1_39' title="bbox 4 3450 874 3529; baseline 0 -21"><span class='ocrx_word' id='word_1_245' title='bbox 4 3450 192 3529; x_wconf 63' lang='lat' dir='ltr'><strong>,Exemplum</strong></span> <span class='ocrx_word' id='word_1_246' title='bbox 214 3469 282 3510; x_wconf 91' lang='lat' dir='ltr'><strong>esse</strong></span> <span class='ocrx_word' id='word_1_247' title='bbox 304 3451 378 3528; x_wconf 86' lang='lat' dir='ltr'><strong>eibi,</strong></span> <span class='ocrx_word' id='word_1_248' title='bbox 401 3453 477 3511; x_wconf 88' lang='lat' dir='ltr'><strong>sieut</strong></span> <span class='ocrx_word' id='word_1_249' title='bbox 500 3453 587 3513; x_wconf 93' lang='lat' dir='ltr'><strong>modo</strong></span> <span class='ocrx_word' id='word_1_250' title='bbox 613 3453 689 3513; x_wconf 89' lang='lat' dir='ltr'><strong>dieta</strong></span> <span class='ocrx_word' id='word_1_251' title='bbox 712 3451 779 3512; x_wconf 90' lang='lat' dir='ltr'><strong>mibi</strong></span> <span class='ocrx_word' id='word_1_252' title='bbox 801 3468 874 3527; x_wconf 86' lang='lat' dir='ltr'><strong>gens</strong></span> 
     </span>
     <span class='ocr_line' id='line_1_40' title="bbox 21 3531 906 3616; baseline -0.001 -22"><span class='ocrx_word' id='word_1_253' title='bbox 21 3535 90 3594; x_wconf 81' lang='lat' dir='ltr'><strong>l&#39;ost</strong></span> <span class='ocrx_word' id='word_1_254' title='bbox 114 3549 213 3594; x_wconf 90' lang='lat' dir='ltr'><strong>omnes</strong></span> <span class='ocrx_word' id='word_1_255' title='bbox 238 3533 361 3613; x_wconf 87' lang='lat' dir='ltr'><strong>herbas,</strong></span> <span class='ocrx_word' id='word_1_256' title='bbox 384 3544 453 3615; x_wconf 92' lang='lat' dir='ltr'><strong>post</strong></span> <span class='ocrx_word' id='word_1_257' title='bbox 474 3545 576 3597; x_wconf 85' lang='lat' dir='ltr'><strong>cuneta</strong></span> <span class='ocrx_word' id='word_1_258' title='bbox 599 3535 746 3613; x_wconf 89' lang='lat' dir='ltr'><strong>animalia,</strong></span> <span class='ocrx_word' id='word_1_259' title='bbox 770 3531 906 3616; x_wconf 81' lang='lat' dir='ltr'><strong>quidquid</strong></span> 
     </span>
    </p>
   </div>
   <div class='ocr_carea' id='block_1_4' title="bbox 0 0 1225 3994">
    <p class='ocr_par' dir='ltr' id='par_1_5' title="bbox 0 0 1225 3994">
     <span class='ocr_line' id='line_1_41' title="bbox 0 0 1225 3994; baseline 0 0"><span class='ocrx_word' id='word_1_260' title='bbox 0 0 1225 3994; x_wconf 95' lang='lat' dir='ltr'><strong> </strong></span> 
     </span>
    </p>
   </div>
  </div>
 </body>
</html>
