2438 3994
347 286 473 356 1111111
495 289 553 335 xv.

26 427 149 489 Naturae
177 427 299 506 imperio
320 429 478 504 gemimus,
504 445 589 505 quum
610 427 694 489 funus
719 431 836 492 adultae

3 517 4 548 ³
28 513 150 589 Virginis
174 511 301 571 occurrit
325 511 375 571 vel
398 520 475 570 terra
498 511 641 571 clauditur
668 514 760 574 iulans

26 596 59 656 llt
81 598 175 655 minor
195 597 264 672 igue
286 597 352 672 rogi
360 617 367 664 ;
392 596 455 673 quis
479 595 554 654 enim
577 594 670 656 bonus
694 607 723 657 et
744 599 809 660 lace
833 603 935 680 dignus
960 617 1010 670 140

3 753 4 758 ἵ
25 681 155 754 Arcana,
180 678 295 756 qualem
322 677 441 738 0111111
462 679 525 738 1111
548 697 616 739 1111
639 681 791 759 sacerdos,

3 761 89 848 lU¹¹³
112 763 207 823 aliena
228 761 284 820 sibi
310 763 402 822 credit
423 760 520 824 malai
557 763 682 842 Separat
704 765 762 828 boc
785 785 838 828 nos

26 847 50 906 d
75 865 167 924 grege
189 855 347 922 mutorum,
372 856 458 926 atque
480 847 557 914 ideo¹
571 848 740 910 venerabile
764 852 820 912 soli

3 987 4 990 ,
28 930 122 990 Sortiti
143 931 289 1007 ingenium
312 930 531 1009 divinorumque
554 949 680 1010 capaces

3 1059 5 1088 ,
34 1013 119 1092 itque
148 1013 321 1074 exercendis
348 1014 557 1092 capiendisque
583 1015 692 1074 artibus
718 1020 779 1096 apti
959 1037 1009 1092 145

27 1098 145 1158 Sensum
172 1117 189 1158 a
212 1097 337 1158 coelesti
363 1099 517 1157 demissum
539 1099 675 1158 traximus
698 1118 777 1178 arce,

3 1243 4 1246 ,
27 1179 110 1240 Cuius
133 1190 222 1260 egent
243 1198 335 1261 prona
358 1191 388 1240 et
409 1191 515 1241 terram
537 1184 708 1261 spectantia.
748 1185 845 1250 Mundi

3 1283 4 1286 ¹
25 1264 166 1346 Principio
191 1265 309 1326 indulsit
335 1267 491 1325 communis
514 1266 647 1327 conditor
670 1267 728 1327 illis

26 1347 142 1409 'lantum
167 1350 292 1424 animas,
315 1348 399 1409 nobis
422 1351 543 1409 animum
566 1367 699 1428 quoque,
723 1362 836 1416 mutuus
858 1368 889 1419 ut
910 1379 963 1423 uos

3 1475 4 1488 ,
23 1432 153 1492 Affectus
177 1443 280 1512 petere
303 1434 438 1498 auxilium
461 1442 490 1493 et
515 1443 665 1512 praestare
687 1434 812 1516 iuberet,
857 1497 860 1502 ,
955 1459 1008 1512 150

22 1515 181 1596 Dispersos
204 1517 322 1577 trahere
343 1519 371 1577 in
393 1517 546 1596 populum,
570 1519 695 1595 migrare
718 1529 834 1583 vetusto

21 1599 66 1659 De
87 1619 208 1661 nemore
231 1611 260 1660 et
281 1603 399 1681 proavis
424 1601 566 1662 habitatas
588 1601 720 1681 linquere
746 1606 845 1686 silvas,

20 1685 187 1746 Aedificare
208 1683 327 1762 domos,
352 1685 462 1746 laribus
487 1687 667 1763 coniungere
687 1689 794 1751 nostris

19 1767 142 1828 Tectum
163 1769 256 1845 aliud,
283 1779 361 1829 tutos
383 1771 479 1829 vicino
506 1770 602 1830 limine
625 1786 742 1832 somnos

19 1851 56 1911 Ut
80 1852 189 1913 collata
211 1853 293 1913 daret
316 1854 436 1930 fiducia,
461 1863 619 1933 protegere
644 1857 730 1915 armis
956 1878 1005 1930 155

19 1935 144 2014 lapsum
169 1946 217 1997 aut
238 1938 348 2015 ingenti
369 1931 519 1997 nutantem
536 1938 657 1998 vulnere
681 1941 784 2018 civem,

19 2018 170 2080 Communi
192 2020 262 2080 dare
284 2023 367 2099 signa
389 2020 473 2098 tuba,
502 2021 654 2081 defendier
680 2022 772 2083 isdem

19 2102 160 2163 Turribus
182 2115 269 2184 atque
291 2124 346 2166 una
369 2113 517 2185 portarum
542 2105 626 2165 clave
652 2107 755 2165 teneri.

18 2187 76 2246 Sed
100 2189 158 2246 iam
182 2199 348 2267 serpentum
370 2189 463 2249 maior
484 2189 659 2259 concordia;
683 2192 776 2267 parcit

19 2270 160 2348 Cognatis
182 2273 303 2333 maculis
325 2273 426 2334 similis
449 2274 530 2334 fera:
557 2273 671 2352 quaudo
694 2273 773 2335 leoni
955 2291 1006 2346 160

18 2353 136 2414 Fortior
159 2357 264 2436 eripuit
284 2359 370 2418 vitam
392 2355 464 2418 leo?
490 2376 548 2437 quo
570 2376 688 2418 nemore
711 2378 844 2440 umquam

17 2437 187 2517 Exspiravit
212 2460 283 2520 aper
305 2443 422 2504 maioris
444 2442 577 2504 dentibus
600 2441 685 2521 april

3 2521 116 2582 lndica
141 2524 222 2601 tigris
251 2527 310 2601 agit
331 2526 431 2587 rabida
454 2547 517 2589 cum
539 2527 645 2604 tigride
667 2547 771 2606 pacem

17 2605 209 2685 Perpetuam,
237 2610 334 2666 saevis
357 2612 432 2667 inter
454 2627 488 2668 se
511 2612 645 2668 convenit
663 2613 754 2669 ursis:

3 2683 69 2749 ³dst
95 2689 203 2748 homini
225 2689 333 2748 ferrum
355 2689 450 2749 letale
467 2691 572 2750 incude
594 2691 716 2751 nefanda
952 2709 1004 2763 165

3 2743 196 2833 Teroduxnse
221 2788 322 2850 parum
347 2781 407 2846 est,
433 2790 518 2850 quum
540 2781 633 2832 rastra
655 2783 685 2832 et
711 2777 824 2839 sarcula
846 2788 951 2839 tantum

3 2855 139 2917 lissueti
163 2871 292 2932 coquere
317 2864 347 2914 et
364 2857 465 2914 marris
488 2873 523 2915 ac
544 2870 664 2915 vomere
689 2857 759 2918 lassi

16 2938 185 3002 Nescierint
209 2938 292 3018 primi
315 2938 429 3016 gladios
456 2939 615 2999 extendere
636 2938 721 2999 labri.

18 3022 184 3103 dspicimus
207 3021 351 3101 populos,
376 3041 498 3102 quorum
519 3041 577 3083 non
599 3023 707 3083 suflicit
729 3027 790 3086 irae

19 3105 172 3168 cecidisse
194 3107 336 3184 aliquem,
361 3107 414 3168 sed
437 3118 576 3188 pectora,
600 3107 734 3186 brachia,
758 3110 866 3170 voltum
953 3121 1003 3177 170

19 3187 203 3250 crediderint
223 3208 318 3267 genus
340 3209 407 3252 esse
432 3193 504 3262 cihi;
529 3193 596 3272 quid
619 3193 731 3254 diceret
748 3213 828 3272 ergo

19 3273 72 3334 Vel
100 3291 158 3351 quo
184 3291 241 3333 non
263 3275 395 3353 lugeret,
421 3278 445 3336 si
469 3295 544 3337 nune
566 3277 640 3341 baec
662 3287 789 3340 monstra
814 3280 938 3356 videret,

20 3356 215 3435 Pythagoras,
242 3363 354 3420 cunetis
378 3362 547 3422 animalibus
569 3362 704 3423 abstinuit
725 3365 774 3442 qui

3 3438 173 3519 *Tamquam
196 3442 313 3502 homine
341 3453 370 3504 et
397 3448 490 3505 ventri
515 3447 632 3508 indulsit
653 3465 711 3507 non
737 3465 821 3508 omne
845 3447 1008 3525 legumen?

407 3569 607 3582 ---—.
