2438 3994
214 278 254 336 to
552 288 587 334 o.
608 289 679 336 rura.
702 288 888 336 munituras

213 429 351 504 Generis,
375 429 451 489 iacet
473 427 595 503 exiguus
618 444 682 486 cum
702 428 808 488 ramice
829 445 936 486 nervus
1144 441 1187 492 205

211 514 264 589 Et,
294 513 423 590 quamvis
447 519 506 571 tota
529 509 663 589 palpetur
685 521 788 596 nocte,
814 509 931 571 iacebit.

212 598 296 658 hune
318 595 426 675 aliquid
445 612 567 673 sperare
590 603 687 672 potest
709 595 783 655 haec
804 595 927 672 inguinis
949 597 1032 671 aegri

213 676 359 742 Canities?
388 679 455 758 quid
481 678 558 757 quod
581 680 682 738 merito
705 688 841 757 suspecta
863 679 953 741 libido
976 688 1032 755 est,

145 816 146 820 ,
213 764 295 838 Quae
315 762 462 822 Venerem
486 761 603 822 allectat
625 763 687 822 sine
710 759 841 823 viribus?
858 761 966 841 Aspice
988 764 1080 842 partis

211 848 294 908 Nunc
317 848 448 908 damnum
470 845 605 914 alterius;
629 864 693 906 nam
716 865 790 926 quae
812 855 945 909 cantante
969 847 1117 926 voluptas,
1145 860 1190 910 210

212 934 256 993 Sit
279 932 349 991 licet
370 931 508 1005 eximius,
527 929 715 1007 citharoedo,
740 933 814 990 sitve
835 931 990 1008 Seleucus,

211 1017 248 1076 Et
271 1015 374 1094 quihus
395 1022 494 1074 aurata
514 1031 577 1073 mos
600 1023 645 1074 est
667 1014 782 1091 fulgere
805 1013 943 1074 lacerna?

212 1099 287 1173 Quid
308 1097 415 1172 reiert,
439 1097 534 1173 magni
556 1096 658 1157 sedeat
679 1116 735 1176 qua
758 1107 841 1178 parte
867 1099 982 1175 theatri,

212 1182 267 1256 Qui
290 1182 340 1240 vix
363 1181 527 1240 cornicines
551 1181 685 1241 exaudiet
708 1191 795 1262 atque
822 1182 953 1243 tubarum
978 1181 979 1186 ’

212 1261 399 1325 (loncentusi
424 1264 553 1324 clamore
577 1281 651 1342 opus
674 1275 736 1342 est,
759 1275 790 1325 ut
813 1267 917 1326 sentiat
938 1268 1025 1344 auris,
1146 1278 1190 1330 215

211 1348 305 1422 Quem
331 1349 408 1409 dicat
428 1349 546 1408 venisse
570 1366 659 1426 puer,
683 1359 753 1429 quot
774 1352 885 1410 nuntiet
907 1350 1004 1412 horas.

210 1433 368 1493 Praeterea
389 1432 518 1491 minimos
540 1432 639 1509 gelido
663 1433 718 1492 ianr
740 1451 866 1513 corpore
891 1437 1007 1512 sanguis

209 1515 306 1577 Pehre
331 1515 408 1576 calet
432 1515 510 1576 sola:
535 1517 702 1577 circumsilit
727 1520 839 1595 agmine
862 1518 941 1578 iacto

210 1600 377 1660 llorborum
402 1616 486 1659 omne
506 1618 614 1678 genus:
644 1617 765 1678 quorum
790 1603 814 1660 si
837 1604 951 1662 nomina
974 1621 1111 1681 quaeras,

210 1684 372 1761 Promptius
397 1682 566 1761 expediam,
590 1693 661 1763 quot
683 1687 819 1744 amaverit
841 1684 936 1764 Oppia
958 1687 1110 1764 moechos,
1145 1697 1190 1750 tto

211 1766 289 1840 Quot
310 1766 468 1826 Themison
492 1784 599 1844 aegros
621 1777 753 1827 autumno
776 1769 918 1829 occiderit
943 1787 1010 1846 uno,
1053 1813 1056 1816 -

211 1852 288 1925 Quot
310 1850 423 1911 Basilus
445 1851 560 1927 socios,
585 1859 655 1930 quot
679 1853 939 1932 circumscripserit
960 1853 1061 1914 llirrus

209 1933 354 2014 Pupillus,
379 1943 450 2013 quot
475 1934 562 2012 longa
588 1937 666 1995 viros
689 1936 847 1997 exsorbent
874 1954 929 1996 uno

209 2018 308 2078 hlaura
332 2019 395 2096 die,
418 2027 489 2098 quot
513 2018 671 2097 discipulos
693 2021 812 2081 inclinet
836 2020 989 2088 llamillus;

209 2102 379 2163 Percurram
402 2105 503 2179 citius,
531 2113 601 2183 quot
620 2104 705 2166 villas
731 2105 882 2184 possideat
902 2123 987 2179 nunc,
1144 2115 1187 2166 tto

210 2187 274 2260 Quo
298 2187 438 2247 tondente
460 2188 558 2265 gravis
580 2189 676 2249 iuveni
699 2190 766 2249 mihi
789 2189 880 2249 harha
907 2187 1037 2250 sonabat.

209 2269 262 2329 Ille
287 2270 424 2346 humero,
449 2271 496 2330 hic
518 2271 636 2348 lumbis,
665 2273 713 2333 hic
735 2290 809 2332 coxa
833 2273 952 2342 debilis;
979 2271 1081 2332 ambos

208 2352 336 2413 Perdidit
359 2354 410 2414 ille
433 2353 536 2413 oculos
560 2364 589 2413 et
609 2354 699 2414 luscis
722 2356 845 2423 inuidet;
872 2355 956 2415 huius

208 2435 318 2496 Pallida
342 2435 424 2496 labra
445 2435 539 2496 cibum
561 2438 706 2515 accipiunt
727 2439 824 2514 digitis
847 2438 961 2515 alienis,

208 2519 275 2598 Ipse
299 2519 334 2579 ad
360 2529 548 2599 conspectum
571 2537 682 2581 coenae
706 2520 845 2582 diducere
866 2523 967 2582 rictum
1141 2533 1188 2586 230

209 2606 314 2664 Suetus
338 2604 398 2664 hiat
422 2613 546 2680 tantum,
571 2621 624 2663 ceu
647 2605 743 2683 pullus
766 2605 939 2682 hirundinis,
964 2606 999 2666 ad
1023 2626 1109 2687 quam

209 2686 267 2748 Ore
286 2688 367 2748 volat
392 2687 480 2766 pleno
503 2697 594 2748 mater
619 2689 722 2750 ieiuna.
760 2689 819 2750 Sed
841 2692 917 2749 omui

207 2770 401 2832 hlemhrorum
423 2772 525 2832 damno
548 2771 638 2832 maior
663 2773 823 2849 dementia,
849 2792 923 2854 quae
943 2792 998 2833 nec

207 2853 329 2916 Nomina
355 2873 506 2915 servorum
527 2873 583 2914 nec
603 2856 710 2917 uultum
735 2860 867 2935 agnoscit
885 2859 979 2933 amici,

209 2937 279 2999 Gum
301 2957 358 3019 quo
381 2940 539 3018 praeterita
562 2943 696 3002 coenavit
718 2951 822 3017 nocte,
846 2961 901 3002 nec
922 2942 1001 3019 illos,

208 3021 289 3095 Quos
311 3025 426 3100 genuit,
451 3039 525 3102 quos
548 3023 655 3084 eduxit.
688 3024 760 3085 Nam
784 3025 886 3086 codice
910 3042 999 3086 saevo

206 3105 338 3166 Heredes
358 3115 437 3167 vetat
460 3125 527 3166 esse
551 3124 637 3184 suos,
660 3108 735 3170 bona
758 3119 818 3170 tota
840 3110 971 3170 feruntur

206 3188 253 3249 Ad
278 3189 411 3258 Phialen;
438 3200 543 3251 tantum
567 3193 683 3253 artificis
704 3194 783 3254 ualet
804 3193 909 3254 halitus
930 3195 1001 3269 oris,

207 3272 292 3347 Quod
318 3283 438 3334 steterat
456 3275 551 3336 multis
575 3277 603 3334 in
626 3295 746 3337 carcere
769 3277 888 3336 fornicis
912 3277 1000 3336 annis.

206 3355 244 3415 Ut
264 3358 382 3434 vigeant
408 3377 512 3419 sensus
538 3361 639 3436 animi,
669 3360 800 3421 ducenda
823 3369 918 3419 tamen
940 3361 996 3430 sint

205 3439 320 3500 Funera
342 3452 490 3520 natorum,
514 3461 603 3522 rogus
626 3443 809 3522 aspiciendus
836 3453 946 3504 amatas

207 3519 346 3602 Gouriugis
369 3535 398 3585 et
420 3526 517 3587 fratris
544 3529 708 3608 plenaeque
732 3526 884 3586 sororibus
908 3545 1007 3587 urnae.
