2438 3994
207 251 249 314 90
534 257 570 304 n.
593 257 664 304 rou.
687 250 873 302 ruvuunurs

208 403 356 464 Balantem
380 406 410 458 et
432 394 551 456 Laribus
575 395 690 454 cristam
713 394 883 471 promittere
904 392 976 469 galli

209 486 274 547 Non
299 483 419 548 audent:
444 478 512 558 quid
534 479 609 539 euim
631 494 753 555 sperare
777 475 948 536 nocentibus
971 477 1071 554 aegris
1209 551 1210 558 ἵ

210 562 411 630 Concessum?
432 563 481 625 vel
506 579 580 641 quae
603 577 661 620 uon
684 559 798 638 dignior
819 559 915 622 bostia
934 557 1015 621 vita?
1147 567 1210 624 235¹

209 652 326 714 Mobilis
350 658 379 709 et
400 648 480 708 varia
503 655 549 706 est
570 646 661 707 lerme
682 653 783 705 natura
805 644 953 704 malorum.
1066 703 1072 707 .

210 737 304 810 Quum
325 733 423 793 scelus
445 731 608 805 admittunt,
633 737 768 806 superest
790 729 965 796 constantim
989 728 1058 806 quid
1080 729 1126 790 las

210 820 308 898 Atque
331 817 433 890 nefas,
456 814 572 874 tandem
596 813 735 891 incipiunt
758 813 866 872 sentire
889 814 1017 891 peractis

211 901 393 964 Criminibus.
427 897 536 958 Tamen
558 897 594 957 ad
616 913 713 957 mores
736 905 836 956 natura
858 897 982 956 recurrit

210 989 384 1058 Damnatus,
409 982 465 1043 lixa
488 991 516 1042 et
539 982 640 1041 mutari
662 981 771 1040 nescia.
802 977 960 1058 Numquis
1148 990 1193 1043 tto

210 1069 354 1131 Peccandi
377 1067 462 1126 tinem
483 1066 581 1144 posuit
602 1060 678 1124 sibi?
701 1064 815 1142 quaudo
839 1065 953 1143 recepit
1123 1054 1130 1076 ‘

211 1154 342 1214 Eiectum
364 1149 456 1211 semel
478 1151 574 1210 attrita
596 1148 633 1210 de
656 1147 752 1208 fronte
774 1144 931 1208 ruborem?

212 1238 349 1311 Quisnam
371 1234 515 1295 bominum
538 1240 600 1308 est,
624 1249 709 1309 quem
733 1240 762 1290 tu
787 1240 952 1292 contentum
970 1231 1080 1292 videris
1102 1251 1157 1292 uno

211 1317 357 1398 Flagitio?
388 1317 466 1377 dabit
488 1317 516 1376 iu
540 1316 675 1394 laqueum
696 1317 821 1392 vestigia
843 1326 944 1376 noster
1209 1329 1210 1374 l

211 1404 341 1464 Perfidus
366 1411 395 1462 et
417 1402 491 1478 nigri
513 1401 637 1480 patietur
660 1400 787 1459 carceris
809 1418 912 1460 uncum
1151 1412 1195 1465 245

212 1489 270 1548 Aut
291 1488 376 1547 maris
399 1485 513 1563 Aegaei
537 1501 639 1563 rupem
662 1483 861 1562 scopulosque
885 1485 1055 1564 frequentes

212 1570 353 1632 Exulibus
374 1571 496 1648 mugnis.
526 1569 624 1628 Poena
645 1566 788 1644 gaudebis
811 1585 907 1628 amara

211 1654 341 1714 Nominis
363 1655 465 1729 inuisi,
489 1652 662 1729 tandemque
685 1650 817 1710 latebere
839 1651 943 1728 laetus,

212 1738 276 1798 Nec
298 1738 413 1798 surdum
436 1755 491 1796 nec
514 1735 645 1795 Tiresian
679 1751 850 1812 quemquam
873 1754 941 1796 esse
965 1737 1096 1798 deorum.

605 1925 818 1933 ————-—-

528 2067 764 2134 SATIRA
799 2067 892 2131 XIV.

213 2198 346 2292 Plurima
370 2235 450 2302 sunt,
473 2225 614 2303 baserne,
640 2228 764 2288 etfama
788 2227 872 2304 digna
898 2225 1014 2283 sinistra

212 2315 250 2374 Et
276 2310 371 2370 nitidis
393 2310 533 2370 maculam
559 2310 710 2370 haesuram
735 2311 853 2388 figentia
876 2307 976 2384 rebus,

214 2396 296 2470 Quae
318 2401 478 2453 monstrant
503 2394 558 2470 ipsi
582 2395 681 2471 pueris
702 2394 875 2471 traduntque
897 2400 1044 2471 parentes.

213 2481 245 2540 Si
271 2478 408 2538 damnosa
435 2494 535 2536 senem
560 2477 637 2537 iuvat
658 2477 738 2553 alea,
765 2477 836 2536 ludit
857 2486 886 2536 et
907 2476 995 2536 heres

213 2561 342 2624 Bullatus
366 2577 516 2640 parvoque
540 2561 642 2621 eadem
664 2570 762 2622 movet
785 2578 862 2620 arma
884 2559 995 2619 fritillo.

212 2646 277 2707 Nec
297 2644 399 2705 melius
421 2644 458 2706 de
480 2663 512 2704 se
536 2646 667 2724 cuiquam
691 2663 811 2725 sperare
833 2645 998 2724 propinquo

214 2728 366 2791 Goucedet
387 2730 516 2806 iuvenis,
544 2733 592 2808 qul
614 2730 718 2793 radere
739 2730 842 2790 tubera
865 2737 972 2801 terrae,

213 2814 346 2875 Boletum
369 2812 488 2874 condire
513 2823 541 2874 et
564 2816 668 2875 eodem
691 2816 753 2874 iure
779 2821 910 2873 natantes

213 2898 352 2976 blergere
376 2897 516 2959 lloedulas
542 2898 656 2975 didicit,
678 2898 826 2959 nebulone
848 2903 969 2975 parente

214 2983 251 3044 Et
277 3000 347 3044 caua
370 2991 547 3042 monstrante
571 2983 655 3060 gula:
679 3002 765 3063 quum
787 2982 926 3059 septimus
950 2996 1039 3038 annus

214 3066 374 3127 Transierit
392 3084 529 3144 puerum,
556 3067 680 3128 noudum
706 3068 781 3128 omni
804 3066 891 3126 dente
913 3071 1028 3138 renato,

213 3149 355 3210 barbatos
382 3149 451 3209 licet
472 3150 628 3211 admoveas
654 3151 733 3212 mille
754 3152 820 3212 inde
844 3148 1011 3225 magistros,

213 3235 286 3295 Hinc
308 3233 443 3308 totidem,
469 3235 568 3311 cupiet
590 3234 669 3294 lauto
697 3253 824 3295 coenare
850 3240 950 3311 paratu

214 3320 338 3396 Semper
363 3326 393 3376 et
418 3335 435 3376 a
460 3335 639 3394 magnanon
662 3319 842 3395 degenerare
868 3315 971 3375 culina.

213 3401 311 3462 Mitem
334 3401 456 3460 animum
481 3409 510 3460 et
531 3419 629 3461 mores
654 3402 775 3462 modicis
795 3399 943 3462 erroribus
970 3413 1082 3475 aequos
1209 3447 1210 3468 2

214 3483 359 3561 Praecipit
386 3493 472 3562 atque
495 3486 603 3546 animas
625 3503 777 3547 servorum
801 3494 830 3546 et
857 3499 982 3562 corpora
1007 3489 1108 3541 nostra
