2444 3984
213 262 253 322 36
555 273 591 318 n.
614 271 685 318 rurs.
708 270 896 318 ruvnunnrs

211 412 351 473 Hannibal
374 420 404 470 et
427 418 536 470 stantes
561 407 676 470 Collina
701 419 780 470 turre
804 410 907 469 mariti.

210 496 294 556 Nunc
318 497 440 574 patimur
463 493 569 571 longae
592 495 674 572 pacis
698 493 786 562 mala;
811 495 928 553 saevior
950 495 1035 554 armis

210 579 334 640 Luxuria
356 578 483 639 incubuit
504 579 670 656 victumque
692 577 843 638 ulciscitur
865 576 976 638 orbem.

210 662 325 723 Nullum
349 663 457 723 crimen
479 661 563 722 abest
584 661 756 740 facinusque
777 660 920 736 libidinis,
945 679 983 721 ex
1003 679 1061 740 quo
1084 692 1085 697 κ
1213 723 1214 733 ,

209 747 368 825 Paupertas
391 745 520 807 Romana
542 746 634 824 perit:
660 746 727 805 hinc
749 744 830 805 duxit
853 745 888 804 ad
910 747 983 805 istos
1150 754 1214 824 295¹

209 829 248 890 Et
269 830 389 906 sybaris
413 830 525 906 colles,
549 829 616 889 binc
639 839 668 890 et
690 828 812 889 Rhodos
835 836 866 888 et
887 827 1004 890 Miletos
1213 901 1214 908 ἵ

208 915 307 992 Atque
330 922 498 975 coronatum
517 922 548 973 et
569 913 703 992 pendens
724 911 924 990 madidumque
947 913 1111 975 Tarentum.
1213 963 1214 984 ,

209 997 302 1059 Prima
322 998 496 1077 peregrinos
520 996 649 1057 obscena
672 998 796 1076 pecunia
817 1013 914 1056 mores

208 1077 319 1156 Intulit,
343 1090 372 1140 et
392 1082 469 1159 turpi
490 1082 643 1158 fregerunt
662 1081 763 1141 secula
786 1081 855 1140 luxu
936 1096 939 1102 ’
973 1111 990 1132 κ.
1213 1145 1214 1152 χ

208 1164 333 1225 Divitiae
355 1164 470 1224 molles.
504 1163 580 1238 Quid
607 1167 681 1225 enim
701 1165 800 1224 Venus
824 1163 906 1226 ebria
931 1164 1032 1226 curat?
1146 1176 1185 1228 30

209 1247 337 1326 Inguinis
360 1257 389 1308 et
410 1249 513 1327 capitis
538 1266 613 1327 quae
636 1250 693 1309 sint
715 1250 895 1324 discrimina,
919 1250 1027 1324 nescit,

210 1331 334 1393 Grandia
357 1349 433 1410 quae
454 1331 556 1392 mediis
578 1333 634 1392 iam
655 1332 788 1393 noctibus
811 1343 910 1393 ostrea
933 1325 1054 1410 mo'rdet,

210 1414 303 1488 Quum
327 1417 445 1494 perlusa
467 1434 548 1476 mero
570 1427 701 1495 spumant
721 1425 866 1495 unguenta
887 1416 1024 1492 Falerno,

167 1503 171 1512 '
210 1499 303 1573 Quum
323 1499 430 1561 bibitur
451 1500 580 1575 concha,
610 1519 697 1579 quum
719 1502 775 1562 iam
797 1502 941 1577 vertigine
961 1509 1069 1561 tectum

209 1584 345 1645 Ambulat
370 1593 399 1644 et
419 1586 542 1662 geminis
565 1587 697 1662 exsurgit
718 1603 819 1645 mensa
843 1585 979 1645 lucernis.

208 1667 221 1728 l
243 1687 318 1728 nunc
340 1677 370 1728 et
393 1668 505 1745 dubita,
530 1686 586 1746 qua
609 1668 728 1729 sorbeat
750 1686 819 1728 aera
841 1685 953 1738 sanna,

210 1750 321 1828 Tullia,
345 1753 414 1831 quid
436 1751 513 1814 dicat
529 1762 621 1813 notae
643 1753 788 1813 collactea
808 1750 956 1826 Maurae,

208 1833 306 1895 Maura
328 1834 485 1897 Pudicitiae
506 1845 637 1897 veterem
659 1854 744 1914 quum
767 1835 905 1914 praeterit
927 1852 1015 1894 aram.

208 1919 349 1979 Noctibus
373 1920 421 1980 bic
442 1930 553 1999 ponunt
575 1919 711 1996 lecticas,
738 1920 902 1979 micturiunt
921 1919 968 1980 bic

208 2001 402 2083 Effigiemque
426 2004 500 2066 deae
525 2005 621 2082 longis
647 2003 817 2084 siphonibus
838 2003 959 2082 implent

208 2086 298 2165 lnque
321 2090 403 2148 vices
426 2092 555 2167 equitant
576 2107 611 2149 ac
633 2090 700 2150 luna
722 2097 799 2150 teste
820 2096 988 2154 mouentum

208 2170 277 2231 lude
298 2171 399 2232 domos
414 2172 543 2234 abeunt:
568 2182 598 2232 tu
622 2174 719 2235 calcas
742 2173 807 2232 luce
830 2188 951 2242 reversa

211 2252 349 2332 Coniugis
370 2257 478 2317 urinam
502 2273 623 2334 magnos
645 2259 760 2316 visurus
784 2256 904 2314 amicos.

206 2337 283 2398 Nota
305 2337 403 2399 Bonae
426 2349 543 2400 secreta
565 2338 665 2414 Deae,
688 2357 772 2417 quum
793 2337 861 2396 tibia
888 2335 1001 2396 lumbos

207 2422 310 2482 Incitat
332 2433 361 2482 ct
383 2441 472 2484 cornu
494 2423 603 2500 pariter
624 2425 751 2500 vinoque
775 2421 907 2480 feruntur

208 2505 356 2567 Attonitae
380 2509 546 2584 crinemque
567 2513 664 2565 rotant
684 2503 853 2581 ululantque
876 2503 970 2582 Priapi

208 2589 379 2659 Maenades:
407 2608 425 2650 o
449 2598 570 2669 quantus
593 2598 660 2649 tuno
680 2588 738 2648 illis
761 2586 904 2647 mentibus
924 2587 1011 2648 ardor

209 2671 403 2750 Concubitus,
429 2692 504 2754 quae
528 2690 587 2732 vox
608 2672 732 2733 saltante
752 2671 886 2748 libidine,
910 2679 1031 2749 quantus

100 2797 106 2810 ·
208 2757 262 2818 llle
284 2759 355 2818 meri
376 2760 485 2817 veteris
508 2775 562 2837 per
584 2774 668 2817 crura
691 2755 834 2816 madentia
855 2755 986 2815 torrens!

207 2841 355 2902 Lenonum
374 2841 495 2902 ancillas
514 2842 609 2920 posita
636 2840 753 2900 Saufeia
775 2855 884 2900 corona

208 2928 353 2987 Provocat
375 2944 409 2985 ac
430 2925 507 2985 tollit
528 2925 680 3003 pendentis
701 2925 829 3004 praemia
850 2941 955 2999 coxae,

208 3010 276 3088 Ipsa
298 3008 474 3069 Nedullinae
497 3009 613 3069 fluctum
633 3009 780 3069 crissantis
798 3007 913 3069 adorat:

209 3093 334 3153 Palmam
352 3095 426 3152 inter
448 3093 576 3153 dominas
597 3095 688 3153 virtus
709 3090 851 3153 natalibus
872 3099 987 3171 aequat.

209 3175 257 3236 Nil
276 3177 316 3236 ibi
338 3195 393 3256 per
415 3177 511 3238 ludum
533 3177 725 3247 simulabitnr;
748 3177 841 3236 omnia
862 3175 930 3235 fient

209 3259 255 3320 Ad
276 3280 392 3338 verum,
417 3262 520 3340 quibus
542 3262 656 3322 incendi
678 3263 733 3321 iarn
755 3260 876 3338 frigidus
899 3276 973 3320 aevo
1145 3267 1194 3320 325

209 3343 469 3406 Laomedontiades
493 3354 523 3406 et
544 3345 677 3406 Nestoris
699 3345 800 3405 hernia
822 3345 925 3423 possit.

211 3426 292 3488 Tunc
314 3431 433 3508 prurigo
454 3448 553 3492 morae
575 3431 745 3510 impatiens,
768 3438 826 3488 tum
845 3429 961 3488 'femina
982 3425 1119 3504 simplex,

210 3509 257 3616 Ap
270 3513 379 3591 pariter
398 3524 459 3577 toto
480 3515 621 3595 repetitus
645 3514 755 3574 clamor
776 3513 811 3572 ab
834 3521 932 3572 antro:
