2438 3994
200 282 240 345 84
521 293 557 339 n.
579 293 651 342 nm.
673 291 863 339 ruvnunnrs

201 434 277 507 Quid
299 433 407 498 sentire
425 440 510 509 putas
533 448 650 506 omnes,
673 428 810 505 Calvina,
834 431 946 490 recenti
1177 446 1191 496 f,

199 518 245 578 De
268 516 384 577 scelere
408 525 438 574 et
458 515 525 575 iidei
547 515 673 574 violatae
697 511 837 574 criminei
860 514 914 574 scd
932 532 988 573 nec

200 602 269 663 Tam
289 601 384 660 tenuis
407 617 513 660 census
530 599 581 658 tibi
605 599 742 675 contigit,
764 606 796 658 ut
817 597 974 658 mediocris

199 685 330 747 lactucae
350 693 379 742 tc
402 691 515 760 mergat
537 701 625 758 onus,
648 701 704 742 nec
720 700 785 741 rara
807 682 950 758 videmus,

201 769 282 842 Quae
305 769 430 847 pateris:
454 785 539 826 casus
558 765 654 826 multis
677 765 725 826 hic
747 767 881 844 cognitus
903 783 940 826 ac
961 767 1017 825 iam

200 851 296 912 Tritus
318 860 348 911 et
371 852 505 911 emedio
528 851 661 911 fortunae
683 849 787 910 dirutus
806 867 924 910 acervo.
1166 863 1193 911 10

199 937 341 996 Ponamus
361 936 464 994 nimios
485 937 625 1012 gemitus:
647 934 817 1011 llagrantior
836 950 931 1013 aequo

198 1021 264 1080 Non
286 1018 375 1080 debet
395 1018 480 1079 dolor
502 1036 570 1077 esse
588 1020 660 1093 viri,
683 1037 740 1077 nec
754 1017 876 1078 vnlnere
895 1017 995 1078 maior.

199 1104 242 1165 Tu
263 1103 392 1183 quamvis
414 1101 521 1161 levium
540 1103 681 1161 minimam
704 1104 896 1180 exiguamque
918 1101 1059 1160 malorum

198 1186 373 1248 Particulam
392 1187 441 1244 vix
462 1185 541 1244 lcrre
563 1195 666 1263 potes,
691 1185 888 1263 spumantibus
909 1185 1016 1245 ardens

198 1270 389 1346 Visceribus,
410 1288 524 1330 sacrum
543 1269 595 1329 tibi
617 1269 694 1348 quod
716 1287 775 1329 non
794 1269 899 1329 reddat
920 1271 1031 1340 amicus
1164 1279 1193 1331 15

199 1355 383 1434 Depositum.
424 1355 529 1432 Stupet
547 1353 638 1430 baec,
662 1355 710 1433 qui
726 1355 781 1414 iam
802 1362 870 1432 post
889 1361 973 1430 terga
995 1353 1118 1432 reliquit

200 1439 358 1516 Sexaginta
381 1455 490 1512 annos,
513 1436 636 1497 Fonteio
659 1436 780 1498 consule
802 1446 899 1496 natus:

200 1522 246 1583 An
268 1521 337 1583 nihil
359 1523 388 1581 in
409 1522 513 1582 melius
533 1530 577 1582 tot
598 1541 694 1581 rerum
717 1522 833 1600 prolicit
852 1516 928 1579 usui

200 1607 304 1685 llagna
326 1607 457 1684 quidem,
481 1607 573 1665 sacris
596 1624 670 1685 quae
688 1606 736 1666 dat
760 1613 919 1683 praecepta
942 1604 1063 1680 libellis,

199 1691 312 1750 Victrix
333 1691 465 1750 fortunae
486 1691 642 1767 sapientia:
666 1689 795 1749 ducimus
816 1697 911 1748 antem
1162 1700 1193 1750 20

200 1773 260 1834 llos
283 1790 400 1852 quoque
421 1772 542 1848 felices,
566 1774 614 1851 qui
636 1774 715 1833 ferre
737 1772 919 1832 incommoda
942 1774 1019 1832 vitae

203 1857 264 1918 Nec
282 1859 391 1917 iactare
412 1858 508 1934 iugum
528 1858 588 1916 vita
609 1857 740 1917 didicere
760 1859 906 1934 magistra.

203 1941 283 2016 Quae
306 1951 363 2001 tam
384 1941 460 2001 iesta
483 1941 562 2017 dies,
585 1949 617 2000 ut
638 1949 737 2002 cesset
762 1941 889 2019 prodere
910 1940 1015 2015 iurem,

200 2025 369 2101 Perfidiam,
395 2023 531 2100 fraudes,
551 2034 638 2104 atque
660 2026 736 2084 omni
758 2043 795 2084 ex
818 2026 936 2083 crimino
959 2024 1071 2084 lucrum

202 2109 370 2182 Quaesitum
389 2117 418 2168 et
441 2118 540 2187 partos
563 2109 661 2185 gladio
684 2108 733 2168 vel
754 2108 863 2187 pyxide
884 2103 1037 2168 nummos?
1161 2119 1193 2170 25

200 2193 270 2253 llari
296 2194 404 2271 quippe
427 2192 512 2269 boni,
535 2210 654 2252 numero
674 2193 723 2251 vix
746 2202 809 2251 sunt
831 2193 950 2252 totidem
972 2201 1045 2270 quot

202 2275 366 2337 Thebarum
383 2284 486 2353 portae
507 2276 556 2335 vel
575 2276 671 2335 divitis
693 2279 767 2335 ostia
789 2275 856 2335 Nili.

201 2359 284 2418 Nona
307 2367 387 2418 aetas
410 2359 504 2434 agitur
526 2360 686 2436 peioraque
710 2359 810 2419 secula
832 2359 904 2418 ierri

202 2441 409 2519 Temporibus,
433 2458 554 2519 quornm
576 2442 684 2501 sceleri
706 2460 762 2501 non
782 2445 890 2501 invenit
905 2443 976 2520 ipsa

201 2525 313 2586 Nomen
335 2533 364 2584 et
385 2544 401 2585 a
421 2524 501 2584 nullo
520 2526 617 2604 posuit
631 2535 731 2584 natura
749 2526 883 2594 metallo;
1162 2536 1210 2594 30,

190 2608 263 2680 ,Nos
283 2609 427 2669 bominum
448 2609 603 2688 divumque
625 2609 710 2670 iidem
734 2610 861 2670 clamore
886 2611 1006 2685 ciemus,

203 2694 316 2767 Quanto
337 2692 502 2754 Faesidium
524 2693 622 2754 laudat
638 2694 750 2755 vocalis
769 2703 904 2771 agentem

203 2777 350 2858 Sportula.
389 2778 461 2854 Dic,
483 2779 582 2838 senior
603 2778 681 2839 bulla
704 2780 891 2855 dignissime,
914 2777 1023 2852 nescis,

203 2862 282 2935 Quas
304 2861 410 2922 habeat
428 2881 555 2922 veneres
579 2862 673 2922 aliena
694 2859 840 2941 pecnnia?
861 2863 970 2936 nescis,

203 2945 295 3018 Quem
316 2954 364 3006 tua
387 2946 556 3024 simplicitas
578 2947 666 3005 risum
686 2947 777 3023 vulgo
799 2955 931 3020 moveat,
955 2962 1040 3022 quum
1159 2955 1194 3006 35

202 3027 304 3106 Exigis
324 3047 340 3088 a
364 3047 524 3107 quoquam,
548 3047 585 3089 ne
606 3032 721 3108 peieret
740 3040 769 3089 et
789 3038 871 3108 putet
891 3029 958 3089 ullis

202 3109 278 3170 Esse
300 3112 416 3189 aliquod
440 3131 543 3172 numen
564 3114 681 3192 templis
704 3132 831 3193 araeque
852 3109 989 3173 rubenti?

204 3195 354 3268 Quondam
377 3195 435 3254 boc
456 3196 609 3273 indigenae
631 3197 768 3256 vivebant
789 3215 889 3272 more,
911 3197 1077 3274 priusquam

204 3279 338 3338 Sumeret
356 3286 504 3355 agrestem
524 3279 620 3357 posito
639 3281 800 3340 diademate
821 3280 928 3340 falcem
1209 3331 1210 3358 2

204 3362 343 3420 Saturnus
366 3361 496 3439 lugiens,
520 3373 604 3437 tunc,
628 3381 712 3441 quum
735 3365 905 3441 virguncula
926 3364 997 3423 luno
1159 3359 1210 3430 40}

204 3442 242 3502 Et
263 3445 391 3521 privatus
414 3445 508 3505 adbuc
530 3445 625 3506 Idaeis
647 3447 778 3526 luppiter
800 3450 908 3524 antris,

204 3523 290 3586 Nulla
313 3545 402 3607 super
423 3528 515 3589 nubes
538 3532 669 3591 convivia
691 3530 909 3608 coelicolarum,
