2438 3994
234 291 274 353 94
556 300 591 346 1).
614 298 684 345 run.
708 296 894 345 ruvnunnrs

235 442 363 502 Alterius
387 439 527 499 conchem
549 439 652 498 aestivi
675 444 842 516 comperte
868 433 970 493 lacerti

235 528 381 603 signatam
403 523 451 582 vel
474 517 588 582 dimidio
610 523 744 600 putrique
767 519 867 594 siluro,

235 609 356 686 Filaque
382 607 486 667 sectivi
507 615 654 664 numerata
676 604 825 664 includere
847 602 943 680 porri:

234 693 372 753 Invitatus
399 691 434 751 ad
455 689 529 749 baec
550 688 653 766 aliquis
676 688 712 748 de
734 696 822 766 ponte
845 684 972 762 negabit.

236 776 294 836 Sed
317 791 374 853 quo
398 774 511 834 divitias
533 772 608 833 baec
628 789 682 852 per
704 779 845 832 tormenta
868 777 998 844 coactas,
1169 778 1210 832 155

236 859 329 933 Quum
351 858 432 917 luror
453 856 529 917 haud
549 856 669 932 dubius,
692 873 777 934 quum
799 855 836 914 ait
856 853 1006 913 manifesta
1034 853 1193 932 phrenesis,

234 943 273 1002 Ut
290 940 437 1019 locuples,
451 940 599 1015 moriaris,
624 940 738 1016 egentis
760 941 861 998 vivere
883 932 965 997 iatol
1073 1014 1075 1018 .

235 1025 350 1086 Interea
371 1024 460 1102 pleno
484 1042 569 1102 quum
592 1032 689 1101 turget
708 1021 843 1082 sacculus
866 1037 929 1096 ore,

236 1107 352 1169 Crescit
377 1123 457 1166 amor
480 1109 601 1182 nummi,
629 1115 763 1186 quantum
784 1107 848 1185 ipsa
868 1105 992 1182 pecunia
1015 1104 1120 1179 crevit,

235 1192 273 1251 Et
294 1194 385 1250 miuus
408 1191 482 1251 banc
511 1199 591 1268 optat
615 1191 742 1268 quinon
764 1188 861 1248 babet.
895 1185 976 1265 Ergo
999 1195 1117 1266 paratur
1172 1195 1210 1248 tto

235 1276 337 1335 Altera
360 1274 428 1334 villa
450 1273 517 1348 tibi,
541 1291 626 1352 quum
648 1293 696 1333 rus
718 1290 776 1332 non
798 1273 905 1333 sullicit
927 1289 1022 1346 uuum,

234 1359 272 1418 Et
294 1358 428 1437 prolerre
452 1355 523 1417 111111
545 1357 632 1434 llnes,
655 1358 803 1436 maiorque
826 1356 941 1416 videtur

236 1442 273 1503 Et
294 1442 398 1502 melior
418 1442 514 1500 vicina
537 1459 641 1518 seges:
664 1441 802 1501 mercaris
825 1449 855 1500 et
876 1439 951 1499 hanc
973 1448 1003 1499 et

234 1525 361 1585 Arbusta
385 1533 414 1585 et
436 1527 526 1587 densa
554 1534 679 1584 montem
705 1526 752 1603 qui
776 1531 860 1584 canet
883 1522 970 1583 oliva.

235 1609 364 1682 Quorum
388 1610 413 1667 si
435 1610 530 1687 pretio
553 1609 684 1668 dominus
703 1625 761 1667 non
783 1609 906 1667 vincitur
928 1606 998 1682 ullo,
1171 1616 1211 1668 115

234 1692 329 1751 Nocte
352 1690 445 1751 boues
471 1693 561 1751 macri
581 1691 720 1769 lassoque
742 1690 976 1752 iamelicaoollo

230 1776 362 1855 lumenta
383 1774 417 1835 ad
438 1775 547 1834 virides
567 1775 650 1835 buius
673 1775 818 1834 mittentur
840 1775 959 1842 aristas;

234 1857 298 1919 Nec
319 1859 398 1937 prius
419 1857 485 1918 iude
510 1857 639 1934 domum,
664 1876 747 1937 quam
769 1867 829 1918 tota
848 1857 964 1918 novalia
984 1874 1092 1918 saevos

233 1942 266 2002 ln
288 1951 405 2002 ventres
428 1941 547 2018 abeant,
572 1952 602 2003 ut
624 1943 727 2002 credas
749 1941 873 2003 falcibus
897 1950 1001 2002 actum.

232 2027 341 2086 Dicere
362 2027 411 2086 vin
432 2028 544 2105 possis,
575 2044 660 2106 quam
684 2025 765 2086 multi
787 2026 854 2087 talia
880 2025 1007 2104 plorent,
1170 2035 1212 2087 150

234 2109 271 2170 Et
293 2118 363 2188 quot
384 2109 505 2170 venales
528 2111 629 2170 iniuria
651 2111 756 2170 iecerit
778 2126 877 2188 agros.

234 2194 294 2253 Sed
317 2194 365 2272 qui
386 2210 554 2270 sermones,
578 2211 662 2272 quam
684 2193 790 2255 foedae
810 2193 931 2254 buccina
952 2192 1062 2254 lamae!
1078 2230 1121 2241 -

235 2276 310 2350 Quid
333 2286 421 2338 nocet
440 2274 536 2338 baec?
556 2279 662 2357 inquit;
684 2277 809 2338 tunicam
831 2278 899 2338 mibi
921 2279 997 2338 rnalo
1021 2277 1122 2357 lupini,

234 2359 326 2432 Quam
349 2363 373 2420 si
398 2378 443 2420 me
468 2370 530 2421 toto
558 2360 655 2422 laudet
678 2362 783 2422 vicinia
811 2379 889 2441 pago

234 2441 339 2520 Exigui
362 2445 436 2504 ruris
461 2445 634 2523 paucissima
658 2445 736 2505 11111
760 2455 918 2505 secantem.
933 2481 976 2496 -·

225 2526 356 2587 'Scilicet
381 2536 412 2587 et
434 2527 541 2586 morbis
563 2536 592 2587 et
615 2527 764 2589 debilitate
788 2529 914 2606 carebis,

233 2607 271 2670 Et
293 2610 400 2670 luctum
422 2620 452 2671 et
475 2627 571 2672 curam
594 2611 736 2690 effugies,
760 2622 789 2673 et
812 2622 944 2692 tempora
965 2614 1043 2673 vitae

233 2692 333 2771 Longa
354 2693 404 2754 tibi
427 2695 552 2774 postbac
571 2695 631 2756 1110
657 2696 780 2758 meliore
803 2697 954 2772 dabuntur,

233 2778 265 2838 Si
290 2787 397 2838 tantum
418 2779 488 2839 culti
509 2779 590 2840 solus
613 2781 783 2859 possederis
805 2783 878 2858 agri,
1211 2815 1212 2820 κ

233 2860 377 2934 Quantum
399 2862 452 2922 sub
473 2862 555 2924 Tatio
576 2864 702 2943 populus
725 2864 870 2926 Romanus
893 2863 1002 2925 arabat.
1170 2825 1212 2927 161

232 2944 302 3005 lion
324 2948 409 3007 etiam
431 2947 531 3007 fractis
553 2957 649 3008 aetate
672 2967 707 3009 ac
731 2948 836 3009 Punica
859 2949 953 3027 passis

233 3028 349 3091 Proelia
370 3029 420 3090 vel
442 3030 581 3106 Pyrrhum
603 3032 753 3092 immanem
776 3032 951 3110 gladiosque
973 3030 1124 3091 llolossos
1210 3049 1211 3092 1

233 3109 360 3173 Tandem
383 3131 436 3192 pro
459 3114 555 3174 multis
582 3117 631 3174 vix
652 3118 752 3193 iugera
775 3115 840 3176 bina
865 3115 1005 3176 dabantur
1210 3101 1211 3162 l

232 3195 423 3256 Vulneribus:
446 3215 559 3258 merces
583 3197 657 3258 baec
680 3200 827 3276 sanguinis
850 3209 937 3279 atque
955 3197 1065 3260 laboris

232 3276 326 3340 Nullis
348 3282 406 3340 visa
434 3296 567 3358 umquam
590 3282 699 3341 meritis
721 3284 830 3359 minor,
853 3292 902 3343 aut
920 3285 1052 3361 ingratae
1168 3277 1210 3399 111

234 3360 321 3423 Curta
344 3363 416 3423 lldes
435 3365 555 3441 patriae.
593 3365 747 3426 Saturabat
767 3366 888 3445 glebula
911 3367 977 3429 talis

234 3445 345 3505 Patrem
369 3448 461 3525 ipsum
484 3447 654 3527 turbamque
677 3468 778 3527 casae,
802 3469 857 3529 qua
878 3451 938 3511 leta
959 3449 1075 3511 iacebat

234 3527 314 3587 Uxor
336 3538 366 3588 et
387 3529 509 3591 infantes
532 3531 670 3593 ludebant
691 3544 842 3614 quattuor,
866 3552 938 3593 unus
