2438 3994
394 289 519 342 sabina
541 295 601 342 VII.

11 434 143 496 imnibus
167 441 196 492 et
218 433 328 492 crescit
348 432 436 492 multa
458 433 596 495 damnosa
617 451 746 513 papyro;

11 521 47 580 lic
72 519 180 594 ingens
201 534 297 576 rerum
318 534 454 576 numerus
475 516 555 577 iubet
576 527 662 597 atque
687 536 808 596 operum
830 519 888 581 len.

11 603 85 676 luae
111 611 207 660 tamen
228 600 295 660 inde
319 597 429 677 seges?
451 608 548 661 terrae
566 603 631 679 quis
651 602 763 664 fructus
787 601 931 681 apertae?

11 685 71 760 luis
97 683 178 744 dabit
197 684 352 760 historico,
375 691 509 760 quantum
531 684 614 746 daret
635 695 700 746 acta
722 684 856 763 legenti?

11 768 105 828 -Sed
125 785 218 844 genus
238 769 388 843 ignavum,
412 767 491 845 quod
513 767 722 846 lecto-gaudet
744 778 773 828 et
794 769 993 836 umbra-105

11 853 53 912 lic
79 852 188 928 igitur,
212 850 281 929 quid
303 851 457 910 causidicis
477 851 575 910 civilia
594 862 745 930 praestent

11 936 106 996 liiicia
130 943 160 994 et
180 951 285 1011 magno
309 935 430 994 comites
452 935 481 994 in
502 933 584 994 fasce
605 933 722 996 libelli?

12 1021 57 1097 psi
79 1035 187 1095 magna
208 1026 327 1092 sonant,
347 1017 401 1078 sed
423 1025 495 1093 turn,
525 1036 611 1097 quum
634 1019 762 1080 creditor
783 1019 872 1096 audit,

11 1103 183 1179 traecipne,
205 1101 254 1161 rel
276 1103 301 1160 si
323 1101 417 1178 tetigit
433 1100 508 1160 latus
531 1103 627 1162 acrior
646 1102 711 1180 illo,

11 1185 54 1260 lui
76 1186 161 1244 venit
180 1184 214 1245 ad
235 1185 350 1244 dubium
372 1185 474 1260 grandi
496 1203 560 1244 curn
582 1187 686 1247 codice
710 1204 825 1248 nornen.
942 1201 994 1253 110

11 1267 79 1329 lunc
103 1269 243 1328 immensa
263 1269 326 1328 cavi
348 1269 458 1347 spirant
478 1268 629 1329 mendacia
651 1269 740 1330 folles

11 1349 236 1430 lonspuiturque
258 1353 353 1411 sinus:
371 1369 470 1410 veram
493 1352 678 1430 deprendere
700 1371 825 1414 messem

11 1437 29 1498 li
52 1436 143 1509 libet,
166 1435 234 1495 binc
254 1443 369 1494 centum
391 1436 561 1512 patrimonia
581 1437 802 1511 causidicorum,

11 1519 82 1580 larte
108 1518 167 1580 alia
189 1519 282 1578 solum
302 1520 407 1578 russati
428 1535 505 1596 poue
520 1517 680 1580 Lacernae.

11 1601 174 1663 lonsedere
196 1602 302 1662 duces:
325 1604 420 1680 surgis
442 1611 471 1660 tu
494 1601 619 1680 pallidus
639 1601 725 1679 Aiax,
942 1615 990 1668 11⁵

11 1685 136 1747 dicturus
160 1684 244 1745 dubia
264 1703 317 1763 pro
339 1685 490 1761 libertate,
510 1685 638 1747 bubulco

11 1769 107 1831 iudice.
153 1767 265 1847 Rumpe
286 1770 374 1831 miser
395 1778 507 1828 tensum
530 1771 626 1845 iecur,
648 1778 679 1829 nt
700 1768 751 1828 tibi
773 1769 851 1830 lasso

11 1851 140 1930 ligantur
161 1852 287 1927 virides,
310 1852 454 1913 scalarum
476 1853 587 1930 gloria,
608 1852 736 1930 palmam

11 1935 85 2008 Quod
106 1937 193 1996 vocis
214 1932 357 2015 pretinm?
379 1937 475 1997 siccus
494 1936 699 2014 petasunculus
724 1945 753 1996 et
774 1955 826 1995 ras

12 2017 204 2095 Pelampdum,
227 2029 274 2079 aut
295 2028 430 2094 veteres,
450 2018 615 2080 Maurorum
637 2019 791 2096 epimenia,
812 2019 903 2100 bulbi,
938 2031 988 2084 120

12 2103 59 2162 dut
77 2106 175 2163 vinum
198 2102 296 2162 Tiberi
318 2104 488 2180 devectum,
511 2103 637 2183 quinque
660 2102 793 2179 lagonas.

12 2187 34 2244 Si
55 2196 160 2265 quater
180 2187 283 2263 egisti,
306 2189 331 2247 si
353 2187 473 2263 contigit
495 2204 600 2246 aureus
620 2204 704 2261 uuus,

12 2265 70 2329 bde
93 2270 201 2330 cadunt
221 2279 319 2348 partes
341 2287 378 2330 ex
397 2270 520 2330 foedere
542 2271 795 2348 pragmaticorum.

13 2351 128 2412 Aemilio
151 2352 264 2414 dabitur
286 2361 419 2432 quantum
442 2353 525 2428 licet,
549 2362 579 2414 et
598 2353 701 2413 melius
719 2369 773 2412 nos

13 2433 138 2511 liginum
162 2436 245 2497 huius
265 2437 339 2497 eninr
360 2445 417 2496 stat
439 2455 540 2496 currus
562 2455 688 2511 aeneus,
711 2436 762 2497 alti
938 2447 986 2501 lto

13 2517 195 2598 Quadriiugos
215 2521 244 2578 in
263 2519 431 2596 vestibulis,
455 2529 542 2599 atque
564 2522 628 2598 ipse
649 2521 744 2581 feroci

13 2599 151 2663 bellatore
172 2602 280 2663 sedens
302 2612 447 2664 curvatum
468 2603 572 2664 bastile
591 2605 712 2664 minatur

14 2681 119 2746 dminus
143 2695 173 2745 et
195 2695 286 2748 statua
308 2687 461 2747 meditatur
478 2687 591 2765 proelia
611 2686 701 2746 lusca.

14 2767 54 2826 Sic
74 2769 154 2829 Pedo
179 2771 345 2845 conturbat,
367 2768 466 2830 blatbo
488 2770 601 2838 deficit;
624 2770 720 2829 exitus
738 2766 787 2828 bic
807 2776 852 2828 est

14 2847 153 2930 Tongilii,
175 2871 280 2931 magno
304 2872 367 2914 curn
388 2852 574 2914 rhinocerote
597 2853 688 2913 lavari
937 2859 989 2912 130
1089 2892 1092 2897 s

15 2931 61 3005 Qui
83 2936 161 2996 solet
184 2945 213 2996 et
235 2945 323 2997 vexat
344 2936 482 2997 lutulenta
500 2937 605 2998 balnea
627 2934 710 2996 turba

15 3013 118 3097 Perque
139 3020 233 3080 iorum
255 3023 374 3080 invenes
396 3020 485 3098 longo
507 3022 612 3099 premit
633 3036 734 3081 assere
756 3016 888 3093 blaedos,

15 3095 160 3178 Empturas
182 3122 308 3182 pueros,
329 3113 493 3182 argeutum,
528 3105 670 3184 murrina,
697 3102 797 3172 villas;

17 3181 138 3258 Spondet
160 3189 235 3247 enim
259 3188 349 3263 Tyrio
371 3187 513 3248 stlattaria
534 3205 660 3266 purpura
681 3185 741 3246 uto.

17 3259 47 3323 Et
65 3276 157 3329 tamen
180 3279 226 3331 ost
245 3272 302 3332 illis
322 3270 379 3331 hoc
400 3271 485 3338 utile;
509 3289 634 3351 purpura
655 3269 755 3330 vendit
941 3278 990 3332 135

19 3343 208 3431 Causidicum,
226 3356 354 3415 vendunt
375 3354 579 3431 amethystina:
601 3355 738 3418 convenit
761 3352 820 3414 illis

20 3425 49 3489 Et
67 3439 185 3515 strepitu
205 3448 235 3498 et
256 3439 333 3499 facie
351 3440 468 3499 maioris
489 3441 589 3499 vivere
610 3456 726 3498 census.

21 3511 69 3575 Sed
89 3519 173 3580 bnenr
194 3523 343 3602 impensae
366 3539 424 3582 non
445 3531 541 3582 servat
558 3521 682 3600 prodiga
705 3519 806 3579 Roma.

53 3619 104 3661 ΠΝ.
125 3625 184 3664 snb.
