<?xml version="1.0" encoding="UTF-8"?>
<!DOCTYPE html PUBLIC "-//W3C//DTD XHTML 1.0 Transitional//EN"
    "http://www.w3.org/TR/xhtml1/DTD/xhtml1-transitional.dtd">
<html xmlns="http://www.w3.org/1999/xhtml" xml:lang="en" lang="en">
 <head>
  <title>
</title>
<meta http-equiv="Content-Type" content="text/html;charset=utf-8" />
  <meta name='ocr-system' content='tesseract 3.04.00' />
  <meta name='ocr-capabilities' content='ocr_page ocr_carea ocr_par ocr_line ocrx_word'/>
</head>
<body>
  <div class='ocr_page' id='page_1' title='image "./satirarumlibriq02juvegoog_0114.png"; bbox 0 0 2438 3994; ppageno 0'>
   <div class='ocr_carea' id='block_1_1' title="bbox 417 255 614 303">
    <p class='ocr_par' dir='ltr' id='par_1_1' title="bbox 417 255 614 303">
     <span class='ocr_line' id='line_1_1' title="bbox 417 255 614 303; baseline 0.01 -2"><span class='ocrx_word' id='word_1_1' title='bbox 417 255 543 302; x_wconf 77' lang='lat' dir='ltr'>sanlnn</span> <span class='ocrx_word' id='word_1_2' title='bbox 563 257 614 303; x_wconf 84' lang='lat' dir='ltr'>xt.</span> 
     </span>
    </p>
   </div>
   <div class='ocr_carea' id='block_1_2' title="bbox 16 393 1010 3149">
    <p class='ocr_par' dir='ltr' id='par_1_2' title="bbox 34 393 1010 972">
     <span class='ocr_line' id='line_1_2' title="bbox 36 393 884 474; baseline 0 -20"><span class='ocrx_word' id='word_1_3' title='bbox 36 395 156 472; x_wconf 81' lang='lat' dir='ltr'>Namque</span> <span class='ocrx_word' id='word_1_4' title='bbox 182 393 220 452; x_wconf 91' lang='lat' dir='ltr'>ibi</span> <span class='ocrx_word' id='word_1_5' title='bbox 243 393 376 452; x_wconf 77' lang='lat' dir='ltr'><strong>fortunae</strong></span> <span class='ocrx_word' id='word_1_6' title='bbox 401 395 513 452; x_wconf 88' lang='lat' dir='ltr'>veniam</span> <span class='ocrx_word' id='word_1_7' title='bbox 538 395 646 454; x_wconf 86' lang='lat' dir='ltr'>damus.</span> <span class='ocrx_word' id='word_1_8' title='bbox 687 393 762 454; x_wconf 84' lang='lat' dir='ltr'>Alea</span> <span class='ocrx_word' id='word_1_9' title='bbox 783 397 884 474; x_wconf 85' lang='lat' dir='ltr'>turpis,</span> 
     </span>
     <span class='ocr_line' id='line_1_3' title="bbox 35 476 900 556; baseline 0.002 -19"><span class='ocrx_word' id='word_1_10' title='bbox 35 479 122 556; x_wconf 89' lang='lat' dir='ltr'>lurpe</span> <span class='ocrx_word' id='word_1_11' title='bbox 146 485 176 537; x_wconf 91' lang='lat' dir='ltr'>et</span> <span class='ocrx_word' id='word_1_12' title='bbox 199 476 371 546; x_wconf 88' lang='lat' dir='ltr'>adulterium</span> <span class='ocrx_word' id='word_1_13' title='bbox 395 477 603 547; x_wconf 91' lang='lat' dir='ltr'>mediocribus;</span> <span class='ocrx_word' id='word_1_14' title='bbox 632 478 706 538; x_wconf 91' lang='lat' dir='ltr'>haec</span> <span class='ocrx_word' id='word_1_15' title='bbox 732 478 833 538; x_wconf 91' lang='lat' dir='ltr'>eadem</span> <span class='ocrx_word' id='word_1_16' title='bbox 858 479 900 539; x_wconf 90' lang='lat' dir='ltr'>illi</span> 
     </span>
     <span class='ocr_line' id='line_1_4' title="bbox 35 559 849 639; baseline 0 -19"><span class='ocrx_word' id='word_1_17' title='bbox 35 561 124 621; x_wconf 86' lang='lat' dir='ltr'>Omnia</span> <span class='ocrx_word' id='word_1_18' title='bbox 151 579 238 639; x_wconf 89' lang='lat' dir='ltr'>quum</span> <span class='ocrx_word' id='word_1_19' title='bbox 265 559 390 635; x_wconf 87' lang='lat' dir='ltr'>iaciunt,</span> <span class='ocrx_word' id='word_1_20' title='bbox 416 560 523 620; x_wconf 85' lang='lat' dir='ltr'>hilares</span> <span class='ocrx_word' id='word_1_21' title='bbox 548 563 686 639; x_wconf 90' lang='lat' dir='ltr'>nitidique</span> <span class='ocrx_word' id='word_1_22' title='bbox 709 571 849 621; x_wconf 90' lang='lat' dir='ltr'>vocantur</span> 
     </span>
     <span class='ocr_line' id='line_1_5' title="bbox 34 642 760 706; baseline -0.001 -2"><span class='ocrx_word' id='word_1_23' title='bbox 34 645 131 704; x_wconf 88' lang='lat' dir='ltr'>Nostra</span> <span class='ocrx_word' id='word_1_24' title='bbox 161 643 268 704; x_wconf 92' lang='lat' dir='ltr'>dabunt</span> <span class='ocrx_word' id='word_1_25' title='bbox 293 644 368 706; x_wconf 89' lang='lat' dir='ltr'>alios</span> <span class='ocrx_word' id='word_1_26' title='bbox 390 642 477 704; x_wconf 89' lang='lat' dir='ltr'>hodie</span> <span class='ocrx_word' id='word_1_27' title='bbox 502 646 633 705; x_wconf 86' lang='lat' dir='ltr'>convivia</span> <span class='ocrx_word' id='word_1_28' title='bbox 658 645 760 704; x_wconf 90' lang='lat' dir='ltr'>ludos:</span> 
     </span>
     <span class='ocr_line' id='line_1_6' title="bbox 34 726 1010 806; baseline 0.004 -18"><span class='ocrx_word' id='word_1_29' title='bbox 34 728 168 788; x_wconf 79' lang='lat' dir='ltr'>Conditor</span> <span class='ocrx_word' id='word_1_30' title='bbox 189 727 297 787; x_wconf 88' lang='lat' dir='ltr'>Iliados</span> <span class='ocrx_word' id='word_1_31' title='bbox 321 726 481 787; x_wconf 91' lang='lat' dir='ltr'>cantabitur</span> <span class='ocrx_word' id='word_1_32' title='bbox 504 738 590 806; x_wconf 90' lang='lat' dir='ltr'>atque</span> <span class='ocrx_word' id='word_1_33' title='bbox 612 727 738 788; x_wconf 84' lang='lat' dir='ltr'>lilaronis</span> <span class='ocrx_word' id='word_1_34' title='bbox 962 741 1010 794; x_wconf 71' lang='lat' dir='ltr'>teo</span> 
     </span>
     <span class='ocr_line' id='line_1_7' title="bbox 34 809 825 890; baseline -0.008 -20"><span class='ocrx_word' id='word_1_35' title='bbox 34 812 152 871; x_wconf 85' lang='lat' dir='ltr'>ditisoni</span> <span class='ocrx_word' id='word_1_36' title='bbox 177 809 291 871; x_wconf 92' lang='lat' dir='ltr'>dubiam</span> <span class='ocrx_word' id='word_1_37' title='bbox 313 809 447 870; x_wconf 77' lang='lat' dir='ltr'><strong>facientia</strong></span> <span class='ocrx_word' id='word_1_38' title='bbox 470 813 594 871; x_wconf 92' lang='lat' dir='ltr'>carmina</span> <span class='ocrx_word' id='word_1_39' title='bbox 619 811 750 890; x_wconf 89' lang='lat' dir='ltr'>palmam.</span> <span class='ocrx_word' id='word_1_40' title='bbox 823 859 825 864; x_wconf 74' lang='grc'><strong>,</strong></span> 
     </span>
     <span class='ocr_line' id='line_1_8' title="bbox 35 890 820 972; baseline -0.003 -18"><span class='ocrx_word' id='word_1_41' title='bbox 35 895 99 968; x_wconf 78' lang='lat' dir='ltr'>Quid</span> <span class='ocrx_word' id='word_1_42' title='bbox 121 895 229 969; x_wconf 76' lang='lat' dir='ltr'>refert,</span> <span class='ocrx_word' id='word_1_43' title='bbox 253 894 328 954; x_wconf 90' lang='lat' dir='ltr'>tales</span> <span class='ocrx_word' id='word_1_44' title='bbox 355 912 460 954; x_wconf 85' lang='lat' dir='ltr'>versus</span> <span class='ocrx_word' id='word_1_45' title='bbox 487 913 542 972; x_wconf 91' lang='lat' dir='ltr'>qua</span> <span class='ocrx_word' id='word_1_46' title='bbox 568 912 643 955; x_wconf 87' lang='lat' dir='ltr'>voce</span> <span class='ocrx_word' id='word_1_47' title='bbox 668 890 820 972; x_wconf 77' lang='lat' dir='ltr'>legantur?</span> 
     </span>
    </p>

    <p class='ocr_par' dir='ltr' id='par_1_3' title="bbox 16 978 1010 3149">
     <span class='ocr_line' id='line_1_9' title="bbox 68 978 713 1056; baseline -0.003 -17"><span class='ocrx_word' id='word_1_48' title='bbox 68 979 125 1039; x_wconf 92' lang='lat' dir='ltr'>Sed</span> <span class='ocrx_word' id='word_1_49' title='bbox 153 997 228 1039; x_wconf 94' lang='lat' dir='ltr'>nunc</span> <span class='ocrx_word' id='word_1_50' title='bbox 251 978 345 1038; x_wconf 86' lang='lat' dir='ltr'>dilatis</span> <span class='ocrx_word' id='word_1_51' title='bbox 369 987 469 1038; x_wconf 89' lang='lat' dir='ltr'>averte</span> <span class='ocrx_word' id='word_1_52' title='bbox 490 981 609 1056; x_wconf 82' lang='lat' dir='ltr'>negotia</span> <span class='ocrx_word' id='word_1_53' title='bbox 636 981 713 1038; x_wconf 87' lang='lat' dir='ltr'>curis</span> 
     </span>
     <span class='ocr_line' id='line_1_10' title="bbox 34 1061 802 1140; baseline 0 -19"><span class='ocrx_word' id='word_1_54' title='bbox 34 1061 62 1121; x_wconf 84' lang='lat' dir='ltr'>Et</span> <span class='ocrx_word' id='word_1_55' title='bbox 85 1071 200 1140; x_wconf 79' lang='lat' dir='ltr'><strong>gratam</strong></span> <span class='ocrx_word' id='word_1_56' title='bbox 222 1063 352 1140; x_wconf 86' lang='lat' dir='ltr'>requiem</span> <span class='ocrx_word' id='word_1_57' title='bbox 379 1062 454 1122; x_wconf 95' lang='lat' dir='ltr'>dona</span> <span class='ocrx_word' id='word_1_58' title='bbox 472 1062 537 1138; x_wconf 81' lang='lat' dir='ltr'>titi,</span> <span class='ocrx_word' id='word_1_59' title='bbox 565 1063 678 1140; x_wconf 90' lang='lat' dir='ltr'>quando</span> <span class='ocrx_word' id='word_1_60' title='bbox 702 1061 802 1122; x_wconf 83' lang='lat' dir='ltr'>licebit</span> 
     </span>
     <span class='ocr_line' id='line_1_11' title="bbox 16 1146 1009 1214; baseline 0.001 -9"><span class='ocrx_word' id='word_1_61' title='bbox 16 1147 79 1206; x_wconf 49' lang='lat' dir='ltr'>¹Per</span> <span class='ocrx_word' id='word_1_62' title='bbox 100 1155 194 1205; x_wconf 90' lang='lat' dir='ltr'>totum</span> <span class='ocrx_word' id='word_1_63' title='bbox 219 1162 338 1205; x_wconf 90' lang='lat' dir='ltr'>cessare</span> <span class='ocrx_word' id='word_1_64' title='bbox 361 1146 452 1214; x_wconf 87' lang='lat' dir='ltr'>diem;</span> <span class='ocrx_word' id='word_1_65' title='bbox 478 1163 536 1206; x_wconf 89' lang='lat' dir='ltr'>non</span> <span class='ocrx_word' id='word_1_66' title='bbox 556 1147 666 1206; x_wconf 91' lang='lat' dir='ltr'>lenoris</span> <span class='ocrx_word' id='word_1_67' title='bbox 692 1146 751 1206; x_wconf 93' lang='lat' dir='ltr'>nlla</span> <span class='ocrx_word' id='word_1_68' title='bbox 962 1159 1009 1213; x_wconf 79' lang='lat'>185</span> 
     </span>
     <span class='ocr_line' id='line_1_12' title="bbox 33 1229 764 1307; baseline 0.001 -18"><span class='ocrx_word' id='word_1_69' title='bbox 33 1229 133 1289; x_wconf 91' lang='lat' dir='ltr'>llentio</span> <span class='ocrx_word' id='word_1_70' title='bbox 158 1247 229 1305; x_wconf 84' lang='lat' dir='ltr'>nec,</span> <span class='ocrx_word' id='word_1_71' title='bbox 258 1231 349 1307; x_wconf 94' lang='lat' dir='ltr'>prima</span> <span class='ocrx_word' id='word_1_72' title='bbox 372 1231 396 1288; x_wconf 89' lang='lat' dir='ltr'>si</span> <span class='ocrx_word' id='word_1_73' title='bbox 419 1230 485 1289; x_wconf 92' lang='lat' dir='ltr'>luce</span> <span class='ocrx_word' id='word_1_74' title='bbox 512 1248 634 1307; x_wconf 81' lang='lat' dir='ltr'>egressa</span> <span class='ocrx_word' id='word_1_75' title='bbox 656 1232 764 1290; x_wconf 89' lang='lat' dir='ltr'>reverti</span> 
     </span>
     <span class='ocr_line' id='line_1_13' title="bbox 16 1309 814 1388; baseline 0 -16"><span class='ocrx_word' id='word_1_76' title='bbox 16 1309 118 1380; x_wconf 57' lang='lat' dir='ltr'>illocte</span> <span class='ocrx_word' id='word_1_77' title='bbox 142 1312 235 1388; x_wconf 86' lang='lat' dir='ltr'>solet,</span> <span class='ocrx_word' id='word_1_78' title='bbox 262 1314 350 1372; x_wconf 90' lang='lat' dir='ltr'>tacito</span> <span class='ocrx_word' id='word_1_79' title='bbox 373 1312 460 1372; x_wconf 90' lang='lat' dir='ltr'>bilem</span> <span class='ocrx_word' id='word_1_80' title='bbox 482 1315 534 1374; x_wconf 91' lang='lat' dir='ltr'>tihi</span> <span class='ocrx_word' id='word_1_81' title='bbox 558 1313 708 1375; x_wconf 90' lang='lat' dir='ltr'>contrahat</span> <span class='ocrx_word' id='word_1_82' title='bbox 729 1330 814 1388; x_wconf 86' lang='lat' dir='ltr'>uxor,</span> 
     </span>
     <span class='ocr_line' id='line_1_14' title="bbox 16 1396 727 1476; baseline -0.003 -20"><span class='ocrx_word' id='word_1_83' title='bbox 16 1397 146 1458; x_wconf 74' lang='lat' dir='ltr'>lHumida</span> <span class='ocrx_word' id='word_1_84' title='bbox 169 1398 314 1476; x_wconf 79' lang='lat' dir='ltr'>suspectis</span> <span class='ocrx_word' id='word_1_85' title='bbox 340 1396 474 1457; x_wconf 81' lang='lat' dir='ltr'>referens</span> <span class='ocrx_word' id='word_1_86' title='bbox 498 1397 624 1457; x_wconf 90' lang='lat' dir='ltr'>multicia</span> <span class='ocrx_word' id='word_1_87' title='bbox 648 1398 727 1474; x_wconf 79' lang='lat' dir='ltr'>rugis</span> 
     </span>
     <span class='ocr_line' id='line_1_15' title="bbox 33 1479 881 1558; baseline -0.001 -19"><span class='ocrx_word' id='word_1_88' title='bbox 33 1481 214 1558; x_wconf 82' lang='lat' dir='ltr'>laxatasque</span> <span class='ocrx_word' id='word_1_89' title='bbox 241 1496 339 1541; x_wconf 89' lang='lat' dir='ltr'>comas</span> <span class='ocrx_word' id='word_1_90' title='bbox 368 1490 398 1540; x_wconf 92' lang='lat' dir='ltr'>et</span> <span class='ocrx_word' id='word_1_91' title='bbox 419 1481 527 1541; x_wconf 85' lang='lat' dir='ltr'>vultum</span> <span class='ocrx_word' id='word_1_92' title='bbox 550 1493 706 1558; x_wconf 82' lang='lat' dir='ltr'>auremque</span> <span class='ocrx_word' id='word_1_93' title='bbox 731 1479 881 1540; x_wconf 89' lang='lat' dir='ltr'>calentem.</span> 
     </span>
     <span class='ocr_line' id='line_1_16' title="bbox 33 1565 1009 1643; baseline -0.002 -19"><span class='ocrx_word' id='word_1_94' title='bbox 33 1565 159 1624; x_wconf 78' lang='lat' dir='ltr'>Protinus</span> <span class='ocrx_word' id='word_1_95' title='bbox 182 1573 248 1624; x_wconf 91' lang='lat' dir='ltr'>ante</span> <span class='ocrx_word' id='word_1_96' title='bbox 272 1582 366 1624; x_wconf 88' lang='lat' dir='ltr'>meum</span> <span class='ocrx_word' id='word_1_97' title='bbox 387 1565 523 1643; x_wconf 93' lang='lat' dir='ltr'>quidquid</span> <span class='ocrx_word' id='word_1_98' title='bbox 549 1565 629 1625; x_wconf 92' lang='lat' dir='ltr'>dolet</span> <span class='ocrx_word' id='word_1_99' title='bbox 651 1582 726 1624; x_wconf 83' lang='lat' dir='ltr'>erue</span> <span class='ocrx_word' id='word_1_100' title='bbox 748 1565 844 1639; x_wconf 85' lang='lat' dir='ltr'>limen,</span> <span class='ocrx_word' id='word_1_101' title='bbox 958 1575 1009 1630; x_wconf 86' lang='lat'>190</span> 
     </span>
     <span class='ocr_line' id='line_1_17' title="bbox 34 1647 883 1728; baseline 0.001 -21"><span class='ocrx_word' id='word_1_102' title='bbox 34 1648 101 1708; x_wconf 89' lang='lat' dir='ltr'>lone</span> <span class='ocrx_word' id='word_1_103' title='bbox 124 1647 239 1708; x_wconf 92' lang='lat' dir='ltr'>domum</span> <span class='ocrx_word' id='word_1_104' title='bbox 263 1657 292 1707; x_wconf 92' lang='lat' dir='ltr'>et</span> <span class='ocrx_word' id='word_1_105' title='bbox 316 1665 420 1708; x_wconf 88' lang='lat' dir='ltr'>servos</span> <span class='ocrx_word' id='word_1_106' title='bbox 445 1657 474 1708; x_wconf 91' lang='lat' dir='ltr'>et</span> <span class='ocrx_word' id='word_1_107' title='bbox 499 1647 636 1728; x_wconf 92' lang='lat' dir='ltr'>quidquid</span> <span class='ocrx_word' id='word_1_108' title='bbox 660 1648 800 1725; x_wconf 78' lang='lat' dir='ltr'>frangitur</span> <span class='ocrx_word' id='word_1_109' title='bbox 825 1648 883 1708; x_wconf 90' lang='lat' dir='ltr'>illis</span> 
     </span>
     <span class='ocr_line' id='line_1_18' title="bbox 35 1731 815 1811; baseline -0.003 -20"><span class='ocrx_word' id='word_1_110' title='bbox 35 1733 81 1793; x_wconf 87' lang='lat' dir='ltr'>lut</span> <span class='ocrx_word' id='word_1_111' title='bbox 102 1733 198 1810; x_wconf 89' lang='lat' dir='ltr'>perit;</span> <span class='ocrx_word' id='word_1_112' title='bbox 225 1733 354 1808; x_wconf 80' lang='lat' dir='ltr'>ingratos</span> <span class='ocrx_word' id='word_1_113' title='bbox 377 1741 443 1793; x_wconf 89' lang='lat' dir='ltr'>ante</span> <span class='ocrx_word' id='word_1_114' title='bbox 468 1733 561 1792; x_wconf 92' lang='lat' dir='ltr'>omnia</span> <span class='ocrx_word' id='word_1_115' title='bbox 584 1750 661 1811; x_wconf 90' lang='lat' dir='ltr'>pone</span> <span class='ocrx_word' id='word_1_116' title='bbox 687 1731 815 1792; x_wconf 86' lang='lat' dir='ltr'>sodales.</span> 
     </span>
     <span class='ocr_line' id='line_1_19' title="bbox 35 1815 835 1895; baseline 0.003 -21"><span class='ocrx_word' id='word_1_117' title='bbox 35 1815 141 1875; x_wconf 91' lang='lat' dir='ltr'>interea</span> <span class='ocrx_word' id='word_1_118' title='bbox 164 1815 381 1893; x_wconf 77' lang='lat' dir='ltr'>Megalesiacae</span> <span class='ocrx_word' id='word_1_119' title='bbox 405 1816 575 1894; x_wconf 86' lang='lat' dir='ltr'>spectacula</span> <span class='ocrx_word' id='word_1_120' title='bbox 598 1834 721 1895; x_wconf 86' lang='lat' dir='ltr'>mappae</span> <span class='ocrx_word' id='word_1_121' title='bbox 834 1818 835 1821; x_wconf 72' lang='grc'>’</span> 
     </span>
     <span class='ocr_line' id='line_1_20' title="bbox 35 1895 803 1978; baseline 0 -20"><span class='ocrx_word' id='word_1_122' title='bbox 35 1895 143 1959; x_wconf 87' lang='lat' dir='ltr'>ldaeurn</span> <span class='ocrx_word' id='word_1_123' title='bbox 168 1899 310 1959; x_wconf 91' lang='lat' dir='ltr'>sollemne</span> <span class='ocrx_word' id='word_1_124' title='bbox 336 1899 451 1976; x_wconf 85' lang='lat' dir='ltr'>colunt,</span> <span class='ocrx_word' id='word_1_125' title='bbox 477 1901 636 1978; x_wconf 90' lang='lat' dir='ltr'>similisque</span> <span class='ocrx_word' id='word_1_126' title='bbox 660 1899 803 1977; x_wconf 90' lang='lat' dir='ltr'>triumpho</span> 
     </span>
     <span class='ocr_line' id='line_1_21' title="bbox 36 1982 1008 2062; baseline 0.005 -21"><span class='ocrx_word' id='word_1_127' title='bbox 36 1983 136 2044; x_wconf 85' lang='lat' dir='ltr'>Praeda</span> <span class='ocrx_word' id='word_1_128' title='bbox 160 1982 339 2043; x_wconf 90' lang='lat' dir='ltr'>caballorum</span> <span class='ocrx_word' id='word_1_129' title='bbox 361 1993 480 2062; x_wconf 90' lang='lat' dir='ltr'>praetor</span> <span class='ocrx_word' id='word_1_130' title='bbox 501 1985 585 2044; x_wconf 87' lang='lat' dir='ltr'>sedet</span> <span class='ocrx_word' id='word_1_131' title='bbox 606 2001 656 2059; x_wconf 86' lang='lat' dir='ltr'>ac,</span> <span class='ocrx_word' id='word_1_132' title='bbox 682 1983 750 2043; x_wconf 90' lang='lat' dir='ltr'>mihi</span> <span class='ocrx_word' id='word_1_133' title='bbox 773 2000 847 2060; x_wconf 90' lang='lat' dir='ltr'>pace</span> <span class='ocrx_word' id='word_1_134' title='bbox 887 2041 889 2046; x_wconf 80' lang='grc'>,</span> <span class='ocrx_word' id='word_1_135' title='bbox 959 1995 1008 2048; x_wconf 65' lang='lat'>195</span> 
     </span>
     <span class='ocr_line' id='line_1_22' title="bbox 36 2065 762 2146; baseline -0.001 -21"><span class='ocrx_word' id='word_1_136' title='bbox 36 2065 187 2127; x_wconf 89' lang='lat' dir='ltr'>Immensae</span> <span class='ocrx_word' id='word_1_137' title='bbox 211 2068 373 2145; x_wconf 87' lang='lat' dir='ltr'>nimiaeque</span> <span class='ocrx_word' id='word_1_138' title='bbox 399 2068 468 2128; x_wconf 88' lang='lat' dir='ltr'>licet</span> <span class='ocrx_word' id='word_1_139' title='bbox 488 2067 513 2127; x_wconf 87' lang='lat' dir='ltr'>si</span> <span class='ocrx_word' id='word_1_140' title='bbox 534 2068 633 2127; x_wconf 90' lang='lat' dir='ltr'>dicere</span> <span class='ocrx_word' id='word_1_141' title='bbox 655 2066 762 2146; x_wconf 80' lang='lat' dir='ltr'>plebis,</span> 
     </span>
     <span class='ocr_line' id='line_1_23' title="bbox 37 2149 888 2230; baseline 0.001 -22"><span class='ocrx_word' id='word_1_142' title='bbox 37 2150 127 2210; x_wconf 90' lang='lat' dir='ltr'>lotam</span> <span class='ocrx_word' id='word_1_143' title='bbox 153 2149 240 2212; x_wconf 90' lang='lat' dir='ltr'>hodie</span> <span class='ocrx_word' id='word_1_144' title='bbox 262 2150 381 2211; x_wconf 88' lang='lat' dir='ltr'>Romam</span> <span class='ocrx_word' id='word_1_145' title='bbox 404 2153 498 2227; x_wconf 85' lang='lat' dir='ltr'>circus</span> <span class='ocrx_word' id='word_1_146' title='bbox 522 2152 598 2230; x_wconf 90' lang='lat' dir='ltr'>capit</span> <span class='ocrx_word' id='word_1_147' title='bbox 621 2161 650 2211; x_wconf 90' lang='lat' dir='ltr'>et</span> <span class='ocrx_word' id='word_1_148' title='bbox 669 2151 769 2228; x_wconf 80' lang='lat' dir='ltr'>lragor</span> <span class='ocrx_word' id='word_1_149' title='bbox 791 2167 888 2209; x_wconf 91' lang='lat' dir='ltr'>aurem</span> 
     </span>
     <span class='ocr_line' id='line_1_24' title="bbox 38 2233 792 2314; baseline -0.001 -21"><span class='ocrx_word' id='word_1_150' title='bbox 38 2233 170 2310; x_wconf 86' lang='lat' dir='ltr'>lercutit,</span> <span class='ocrx_word' id='word_1_151' title='bbox 198 2243 331 2294; x_wconf 86' lang='lat' dir='ltr'>eventum</span> <span class='ocrx_word' id='word_1_152' title='bbox 353 2236 452 2294; x_wconf 88' lang='lat' dir='ltr'>viridis</span> <span class='ocrx_word' id='word_1_153' title='bbox 473 2253 536 2314; x_wconf 93' lang='lat' dir='ltr'>quo</span> <span class='ocrx_word' id='word_1_154' title='bbox 565 2235 673 2313; x_wconf 77' lang='lat' dir='ltr'>colligo</span> <span class='ocrx_word' id='word_1_155' title='bbox 697 2233 792 2313; x_wconf 88' lang='lat' dir='ltr'>panni.</span> 
     </span>
     <span class='ocr_line' id='line_1_25' title="bbox 39 2316 858 2398; baseline 0 -23"><span class='ocrx_word' id='word_1_156' title='bbox 39 2316 95 2377; x_wconf 84' lang='lat' dir='ltr'>Nam</span> <span class='ocrx_word' id='word_1_157' title='bbox 118 2319 145 2378; x_wconf 93' lang='lat' dir='ltr'>si</span> <span class='ocrx_word' id='word_1_158' title='bbox 169 2317 325 2394; x_wconf 82' lang='lat' dir='ltr'>deficeret,</span> <span class='ocrx_word' id='word_1_159' title='bbox 353 2328 491 2379; x_wconf 90' lang='lat' dir='ltr'>maestam</span> <span class='ocrx_word' id='word_1_160' title='bbox 516 2322 722 2398; x_wconf 90' lang='lat' dir='ltr'>attonitamque</span> <span class='ocrx_word' id='word_1_161' title='bbox 742 2317 858 2377; x_wconf 87' lang='lat' dir='ltr'>videres</span> 
     </span>
     <span class='ocr_line' id='line_1_26' title="bbox 39 2400 1010 2481; baseline 0.003 -22"><span class='ocrx_word' id='word_1_162' title='bbox 39 2400 104 2461; x_wconf 90' lang='lat' dir='ltr'>Hanc</span> <span class='ocrx_word' id='word_1_163' title='bbox 129 2402 248 2478; x_wconf 84' lang='lat' dir='ltr'>urbem,</span> <span class='ocrx_word' id='word_1_164' title='bbox 275 2402 365 2462; x_wconf 81' lang='lat' dir='ltr'>veluti</span> <span class='ocrx_word' id='word_1_165' title='bbox 391 2401 550 2463; x_wconf 85' lang='lat' dir='ltr'>Cannarum</span> <span class='ocrx_word' id='word_1_166' title='bbox 571 2405 599 2463; x_wconf 95' lang='lat' dir='ltr'>in</span> <span class='ocrx_word' id='word_1_167' title='bbox 619 2402 741 2481; x_wconf 89' lang='lat' dir='ltr'>pulvere</span> <span class='ocrx_word' id='word_1_168' title='bbox 766 2402 851 2461; x_wconf 85' lang='lat' dir='ltr'>victis</span> <span class='ocrx_word' id='word_1_169' title='bbox 958 2413 1010 2464; x_wconf 72' lang='lat'>200</span> 
     </span>
     <span class='ocr_line' id='line_1_27' title="bbox 40 2482 955 2565; baseline 0.002 -23"><span class='ocrx_word' id='word_1_170' title='bbox 40 2482 214 2546; x_wconf 81' lang='lat' dir='ltr'>Consulibus.</span> <span class='ocrx_word' id='word_1_171' title='bbox 254 2486 393 2564; x_wconf 88' lang='lat' dir='ltr'>Spectent</span> <span class='ocrx_word' id='word_1_172' title='bbox 416 2488 553 2564; x_wconf 88' lang='lat' dir='ltr'>iuvenes,</span> <span class='ocrx_word' id='word_1_173' title='bbox 580 2504 652 2565; x_wconf 90' lang='lat' dir='ltr'>quos</span> <span class='ocrx_word' id='word_1_174' title='bbox 678 2487 787 2547; x_wconf 92' lang='lat' dir='ltr'>clamor</span> <span class='ocrx_word' id='word_1_175' title='bbox 811 2495 840 2544; x_wconf 89' lang='lat' dir='ltr'>et</span> <span class='ocrx_word' id='word_1_176' title='bbox 863 2485 955 2546; x_wconf 85' lang='lat' dir='ltr'>audax</span> 
     </span>
     <span class='ocr_line' id='line_1_28' title="bbox 40 2569 832 2648; baseline 0.003 -23"><span class='ocrx_word' id='word_1_177' title='bbox 40 2569 171 2645; x_wconf 79' lang='lat' dir='ltr'>sponsio,</span> <span class='ocrx_word' id='word_1_178' title='bbox 198 2587 271 2648; x_wconf 88' lang='lat' dir='ltr'>quos</span> <span class='ocrx_word' id='word_1_179' title='bbox 297 2571 392 2630; x_wconf 90' lang='lat' dir='ltr'>cultae</span> <span class='ocrx_word' id='word_1_180' title='bbox 416 2571 502 2632; x_wconf 90' lang='lat' dir='ltr'>decet</span> <span class='ocrx_word' id='word_1_181' title='bbox 527 2571 674 2630; x_wconf 86' lang='lat' dir='ltr'>assedisse</span> <span class='ocrx_word' id='word_1_182' title='bbox 699 2569 832 2648; x_wconf 87' lang='lat' dir='ltr'>puellae;</span> 
     </span>
     <span class='ocr_line' id='line_1_29' title="bbox 39 2649 817 2714; baseline 0.001 -5"><span class='ocrx_word' id='word_1_183' title='bbox 39 2649 133 2712; x_wconf 89' lang='lat' dir='ltr'>Nostra</span> <span class='ocrx_word' id='word_1_184' title='bbox 159 2653 239 2713; x_wconf 91' lang='lat' dir='ltr'>bibat</span> <span class='ocrx_word' id='word_1_185' title='bbox 261 2671 379 2713; x_wconf 87' lang='lat' dir='ltr'>vernum</span> <span class='ocrx_word' id='word_1_186' title='bbox 405 2664 552 2714; x_wconf 88' lang='lat' dir='ltr'>contracta</span> <span class='ocrx_word' id='word_1_187' title='bbox 575 2653 699 2713; x_wconf 90' lang='lat' dir='ltr'>cuticula</span> <span class='ocrx_word' id='word_1_188' title='bbox 723 2653 817 2712; x_wconf 90' lang='lat' dir='ltr'>solem</span> 
     </span>
     <span class='ocr_line' id='line_1_30' title="bbox 40 2732 816 2815; baseline 0.001 -23"><span class='ocrx_word' id='word_1_189' title='bbox 40 2732 213 2815; x_wconf 77' lang='lat' dir='ltr'>lilingiatque</span> <span class='ocrx_word' id='word_1_190' title='bbox 240 2745 347 2815; x_wconf 77' lang='lat' dir='ltr'>togam.</span> <span class='ocrx_word' id='word_1_191' title='bbox 384 2737 443 2798; x_wconf 91' lang='lat' dir='ltr'>lam</span> <span class='ocrx_word' id='word_1_192' title='bbox 466 2757 541 2798; x_wconf 92' lang='lat' dir='ltr'>nunc</span> <span class='ocrx_word' id='word_1_193' title='bbox 561 2738 590 2796; x_wconf 89' lang='lat' dir='ltr'>in</span> <span class='ocrx_word' id='word_1_194' title='bbox 610 2735 714 2795; x_wconf 93' lang='lat' dir='ltr'>balnea</span> <span class='ocrx_word' id='word_1_195' title='bbox 735 2734 816 2794; x_wconf 82' lang='lat' dir='ltr'>salva</span> 
     </span>
     <span class='ocr_line' id='line_1_31' title="bbox 40 2815 1008 2901; baseline 0.006 -27"><span class='ocrx_word' id='word_1_196' title='bbox 40 2815 135 2879; x_wconf 84' lang='lat' dir='ltr'>Fronte</span> <span class='ocrx_word' id='word_1_197' title='bbox 157 2821 229 2880; x_wconf 91' lang='lat' dir='ltr'>licet</span> <span class='ocrx_word' id='word_1_198' title='bbox 250 2821 358 2898; x_wconf 81' lang='lat' dir='ltr'>vadas,</span> <span class='ocrx_word' id='word_1_199' title='bbox 383 2839 554 2901; x_wconf 90' lang='lat' dir='ltr'>quamquam</span> <span class='ocrx_word' id='word_1_200' title='bbox 576 2819 669 2880; x_wconf 91' lang='lat' dir='ltr'>solida</span> <span class='ocrx_word' id='word_1_201' title='bbox 694 2818 765 2879; x_wconf 88' lang='lat' dir='ltr'>bora</span> <span class='ocrx_word' id='word_1_202' title='bbox 790 2817 916 2894; x_wconf 91' lang='lat' dir='ltr'>supersit</span> <span class='ocrx_word' id='word_1_203' title='bbox 958 2829 1008 2880; x_wconf 72' lang='lat' dir='ltr'>aot</span> 
     </span>
     <span class='ocr_line' id='line_1_32' title="bbox 42 2899 925 2983; baseline 0 -25"><span class='ocrx_word' id='word_1_204' title='bbox 42 2899 75 2961; x_wconf 84' lang='lat' dir='ltr'>ld</span> <span class='ocrx_word' id='word_1_205' title='bbox 96 2914 218 2964; x_wconf 83' lang='lat' dir='ltr'>sextam.</span> <span class='ocrx_word' id='word_1_206' title='bbox 260 2902 372 2965; x_wconf 84' lang='lat' dir='ltr'>Facere</span> <span class='ocrx_word' id='word_1_207' title='bbox 396 2905 453 2965; x_wconf 92' lang='lat' dir='ltr'>hoc</span> <span class='ocrx_word' id='word_1_208' title='bbox 475 2924 532 2965; x_wconf 90' lang='lat' dir='ltr'>non</span> <span class='ocrx_word' id='word_1_209' title='bbox 557 2905 653 2983; x_wconf 88' lang='lat' dir='ltr'>possis</span> <span class='ocrx_word' id='word_1_210' title='bbox 674 2903 800 2982; x_wconf 91' lang='lat' dir='ltr'>quinque</span> <span class='ocrx_word' id='word_1_211' title='bbox 823 2899 925 2959; x_wconf 89' lang='lat' dir='ltr'>diebus</span> 
     </span>
     <span class='ocr_line' id='line_1_33' title="bbox 42 2980 818 3068; baseline 0.001 -27"><span class='ocrx_word' id='word_1_212' title='bbox 42 2980 196 3064; x_wconf 80' lang='lat' dir='ltr'>Continuis,</span> <span class='ocrx_word' id='word_1_213' title='bbox 217 2989 284 3066; x_wconf 92' lang='lat' dir='ltr'>quia</span> <span class='ocrx_word' id='word_1_214' title='bbox 308 2997 373 3048; x_wconf 88' lang='lat' dir='ltr'>sunt</span> <span class='ocrx_word' id='word_1_215' title='bbox 395 2988 460 3049; x_wconf 88' lang='lat' dir='ltr'>talis</span> <span class='ocrx_word' id='word_1_216' title='bbox 484 3007 600 3068; x_wconf 92' lang='lat' dir='ltr'>qnoque</span> <span class='ocrx_word' id='word_1_217' title='bbox 625 2987 719 3047; x_wconf 89' lang='lat' dir='ltr'>taedia</span> <span class='ocrx_word' id='word_1_218' title='bbox 741 2985 818 3044; x_wconf 90' lang='lat' dir='ltr'>vitae</span> 
     </span>
     <span class='ocr_line' id='line_1_34' title="bbox 42 3064 754 3149; baseline 0.001 -23"><span class='ocrx_word' id='word_1_219' title='bbox 42 3064 143 3148; x_wconf 69' lang='lat' dir='ltr'>lingum</span> <span class='ocrx_word' id='word_1_220' title='bbox 167 3072 336 3149; x_wconf 83' lang='lat' dir='ltr'>voluptates</span> <span class='ocrx_word' id='word_1_221' title='bbox 358 3075 539 3134; x_wconf 89' lang='lat' dir='ltr'>commendat</span> <span class='ocrx_word' id='word_1_222' title='bbox 560 3073 653 3132; x_wconf 89' lang='lat' dir='ltr'>rarior</span> <span class='ocrx_word' id='word_1_223' title='bbox 675 3087 754 3129; x_wconf 89' lang='lat' dir='ltr'>usus.</span> 
     </span>
    </p>
   </div>
   <div class='ocr_carea' id='block_1_3' title="bbox 413 3301 618 3310">
    <p class='ocr_par' dir='ltr' id='par_1_4' title="bbox 413 3301 618 3310">
     <span class='ocr_line' id='line_1_35' title="bbox 413 3301 618 3310; baseline -0.01 0"><span class='ocrx_word' id='word_1_224' title='bbox 413 3301 618 3310; x_wconf 67' lang='lat'>--.--——-</span> 
     </span>
    </p>
   </div>
   <div class='ocr_carea' id='block_1_4' title="bbox 0 0 1245 3994">
    <p class='ocr_par' dir='ltr' id='par_1_5' title="bbox 0 0 1245 3994">
     <span class='ocr_line' id='line_1_36' title="bbox 0 0 1245 3994; baseline 0 0"><span class='ocrx_word' id='word_1_225' title='bbox 0 0 1245 3994; x_wconf 95' lang='lat' dir='ltr'> </span> 
     </span>
    </p>
   </div>
  </div>
 </body>
</html>
