<?xml version="1.0" encoding="UTF-8"?>
<!DOCTYPE html PUBLIC "-//W3C//DTD XHTML 1.0 Transitional//EN"
    "http://www.w3.org/TR/xhtml1/DTD/xhtml1-transitional.dtd">
<html xmlns="http://www.w3.org/1999/xhtml" xml:lang="en" lang="en">
 <head>
  <title>
</title>
<meta http-equiv="Content-Type" content="text/html;charset=utf-8" />
  <meta name='ocr-system' content='tesseract 3.04.00' />
  <meta name='ocr-capabilities' content='ocr_page ocr_carea ocr_par ocr_line ocrx_word'/>
</head>
<body>
  <div class='ocr_page' id='page_1' title='image "./satirarumlibriq02juvegoog_0120.png"; bbox 0 0 2438 3994; ppageno 0'>
   <div class='ocr_carea' id='block_1_1' title="bbox 405 277 627 325">
    <p class='ocr_par' dir='ltr' id='par_1_1' title="bbox 405 277 627 325">
     <span class='ocr_line' id='line_1_1' title="bbox 405 277 627 325; baseline 0 -1"><span class='ocrx_word' id='word_1_1' title='bbox 405 277 530 324; x_wconf 72' lang='lat' dir='ltr'><strong>sualua</strong></span> <span class='ocrx_word' id='word_1_2' title='bbox 552 278 627 325; x_wconf 85' lang='lat' dir='ltr'><strong>XIII.</strong></span> 
     </span>
    </p>
   </div>
   <div class='ocr_carea' id='block_1_2' title="bbox 9 416 1015 3608">
    <p class='ocr_par' dir='ltr' id='par_1_2' title="bbox 19 416 804 498">
     <span class='ocr_line' id='line_1_2' title="bbox 19 416 804 498; baseline -0.004 -18"><span class='ocrx_word' id='word_1_3' title='bbox 19 419 80 480; x_wconf 85' lang='lat' dir='ltr'><strong>Nec</strong></span> <span class='ocrx_word' id='word_1_4' title='bbox 102 437 180 498; x_wconf 90' lang='lat' dir='ltr'><strong>puer</strong></span> <span class='ocrx_word' id='word_1_5' title='bbox 201 417 323 490; x_wconf 79' lang='lat' dir='ltr'><strong>Iliacus,</strong></span> <span class='ocrx_word' id='word_1_6' title='bbox 347 416 475 475; x_wconf 82' lang='lat' dir='ltr'><strong>formosa</strong></span> <span class='ocrx_word' id='word_1_7' title='bbox 498 435 553 475; x_wconf 90' lang='lat' dir='ltr'><strong>nec</strong></span> <span class='ocrx_word' id='word_1_8' title='bbox 575 416 708 476; x_wconf 91' lang='lat' dir='ltr'><strong>Herculis</strong></span> <span class='ocrx_word' id='word_1_9' title='bbox 729 434 804 477; x_wconf 86' lang='lat' dir='ltr'><strong>uxor</strong></span> 
     </span>
    </p>

    <p class='ocr_par' dir='ltr' id='par_1_3' title="bbox 21 501 860 1333">
     <span class='ocr_line' id='line_1_3' title="bbox 21 501 761 578; baseline -0.003 -16"><span class='ocrx_word' id='word_1_10' title='bbox 21 504 64 562; x_wconf 84' lang='lat' dir='ltr'><strong>Ad</strong></span> <span class='ocrx_word' id='word_1_11' title='bbox 88 501 213 578; x_wconf 78' lang='lat' dir='ltr'><strong>cyathos</strong></span> <span class='ocrx_word' id='word_1_12' title='bbox 236 509 266 560; x_wconf 88' lang='lat' dir='ltr'><strong>et</strong></span> <span class='ocrx_word' id='word_1_13' title='bbox 286 501 342 559; x_wconf 89' lang='lat' dir='ltr'><strong>iam</strong></span> <span class='ocrx_word' id='word_1_14' title='bbox 364 501 475 559; x_wconf 90' lang='lat' dir='ltr'><strong>siccato</strong></span> <span class='ocrx_word' id='word_1_15' title='bbox 498 509 618 560; x_wconf 78' lang='lat' dir='ltr'><strong>nectare</strong></span> <span class='ocrx_word' id='word_1_16' title='bbox 641 510 761 576; x_wconf 81' lang='lat' dir='ltr'><strong>tergens</strong></span> 
     </span>
     <span class='ocr_line' id='line_1_4' title="bbox 22 583 737 661; baseline -0.003 -15"><span class='ocrx_word' id='word_1_17' title='bbox 22 587 142 647; x_wconf 81' lang='lat' dir='ltr'><strong>Brachia</strong></span> <span class='ocrx_word' id='word_1_18' title='bbox 165 585 314 646; x_wconf 81' lang='lat' dir='ltr'><strong>Vulcanus</strong></span> <span class='ocrx_word' id='word_1_19' title='bbox 334 583 476 661; x_wconf 84' lang='lat' dir='ltr'><strong>Liparaea</strong></span> <span class='ocrx_word' id='word_1_20' title='bbox 499 585 581 660; x_wconf 89' lang='lat' dir='ltr'><strong>nigra</strong></span> <span class='ocrx_word' id='word_1_21' title='bbox 600 584 737 658; x_wconf 79' lang='lat' dir='ltr'><strong>taberna,</strong></span> 
     </span>
     <span class='ocr_line' id='line_1_5' title="bbox 21 667 841 747; baseline -0.005 -16"><span class='ocrx_word' id='word_1_22' title='bbox 21 669 184 731; x_wconf 87' lang='lat' dir='ltr'><strong>Prandebat</strong></span> <span class='ocrx_word' id='word_1_23' title='bbox 206 667 261 728; x_wconf 90' lang='lat' dir='ltr'><strong>sihi</strong></span> <span class='ocrx_word' id='word_1_24' title='bbox 285 669 407 747; x_wconf 90' lang='lat' dir='ltr'><strong>quisque</strong></span> <span class='ocrx_word' id='word_1_25' title='bbox 429 668 518 743; x_wconf 86' lang='lat' dir='ltr'><strong>deus,</strong></span> <span class='ocrx_word' id='word_1_26' title='bbox 539 687 595 727; x_wconf 90' lang='lat' dir='ltr'><strong>nec</strong></span> <span class='ocrx_word' id='word_1_27' title='bbox 616 667 700 727; x_wconf 89' lang='lat' dir='ltr'><strong>turha</strong></span> <span class='ocrx_word' id='word_1_28' title='bbox 717 668 841 728; x_wconf 89' lang='lat' dir='ltr'><strong>deorum</strong></span> 
     </span>
     <span class='ocr_line' id='line_1_6' title="bbox 23 751 809 830; baseline -0.005 -16"><span class='ocrx_word' id='word_1_29' title='bbox 23 754 100 814; x_wconf 88' lang='lat' dir='ltr'><strong>&#39;lalis</strong></span> <span class='ocrx_word' id='word_1_30' title='bbox 123 762 155 814; x_wconf 91' lang='lat' dir='ltr'><strong>ut</strong></span> <span class='ocrx_word' id='word_1_31' title='bbox 177 763 223 813; x_wconf 86' lang='lat' dir='ltr'><strong>est</strong></span> <span class='ocrx_word' id='word_1_32' title='bbox 244 751 349 827; x_wconf 85' lang='lat' dir='ltr'><strong>hodie,</strong></span> <span class='ocrx_word' id='word_1_33' title='bbox 373 760 567 830; x_wconf 86' lang='lat' dir='ltr'><strong>contentaque</strong></span> <span class='ocrx_word' id='word_1_34' title='bbox 588 752 687 811; x_wconf 88' lang='lat' dir='ltr'><strong>sidera</strong></span> <span class='ocrx_word' id='word_1_35' title='bbox 709 753 809 830; x_wconf 81' lang='lat' dir='ltr'><strong>paucis</strong></span> 
     </span>
     <span class='ocr_line' id='line_1_7' title="bbox 24 835 770 912; baseline -0.004 -15"><span class='ocrx_word' id='word_1_36' title='bbox 24 837 190 897; x_wconf 86' lang='lat' dir='ltr'><strong>Numinibus</strong></span> <span class='ocrx_word' id='word_1_37' title='bbox 211 837 348 904; x_wconf 90' lang='lat' dir='ltr'><strong>miserum</strong></span> <span class='ocrx_word' id='word_1_38' title='bbox 371 835 513 912; x_wconf 86' lang='lat' dir='ltr'><strong>urgebant</strong></span> <span class='ocrx_word' id='word_1_39' title='bbox 532 835 648 897; x_wconf 83' lang='lat' dir='ltr'><strong>Atlanta</strong></span> <span class='ocrx_word' id='word_1_40' title='bbox 669 837 770 895; x_wconf 90' lang='lat' dir='ltr'><strong>minori</strong></span> 
     </span>
     <span class='ocr_line' id='line_1_8' title="bbox 24 919 849 998; baseline -0.002 -18"><span class='ocrx_word' id='word_1_41' title='bbox 24 922 171 987; x_wconf 88' lang='lat' dir='ltr'><strong>Pondere;</strong></span> <span class='ocrx_word' id='word_1_42' title='bbox 195 921 319 980; x_wconf 87' lang='lat' dir='ltr'><strong>nondum</strong></span> <span class='ocrx_word' id='word_1_43' title='bbox 339 920 444 998; x_wconf 91' lang='lat' dir='ltr'><strong>aliquis</strong></span> <span class='ocrx_word' id='word_1_44' title='bbox 464 922 584 980; x_wconf 89' lang='lat' dir='ltr'><strong>sortitus</strong></span> <span class='ocrx_word' id='word_1_45' title='bbox 606 921 689 979; x_wconf 91' lang='lat' dir='ltr'><strong>triste</strong></span> <span class='ocrx_word' id='word_1_46' title='bbox 712 919 849 998; x_wconf 84' lang='lat' dir='ltr'><strong>profundi</strong></span> 
     </span>
     <span class='ocr_line' id='line_1_9' title="bbox 24 1003 853 1083; baseline 0.002 -19"><span class='ocrx_word' id='word_1_47' title='bbox 24 1005 176 1083; x_wconf 88' lang='lat' dir='ltr'><strong>Imperium</strong></span> <span class='ocrx_word' id='word_1_48' title='bbox 200 1013 246 1064; x_wconf 86' lang='lat' dir='ltr'><strong>aut</strong></span> <span class='ocrx_word' id='word_1_49' title='bbox 266 1004 364 1064; x_wconf 90' lang='lat' dir='ltr'><strong>Sicula</strong></span> <span class='ocrx_word' id='word_1_50' title='bbox 383 1012 484 1063; x_wconf 83' lang='lat' dir='ltr'><strong>torvus</strong></span> <span class='ocrx_word' id='word_1_51' title='bbox 506 1022 570 1064; x_wconf 90' lang='lat' dir='ltr'><strong>curn</strong></span> <span class='ocrx_word' id='word_1_52' title='bbox 593 1005 718 1082; x_wconf 91' lang='lat' dir='ltr'><strong>coniuge</strong></span> <span class='ocrx_word' id='word_1_53' title='bbox 740 1003 853 1081; x_wconf 89' lang='lat' dir='ltr'><strong>Pluton,</strong></span> 
     </span>
     <span class='ocr_line' id='line_1_10' title="bbox 25 1087 858 1149; baseline 0 -3"><span class='ocrx_word' id='word_1_54' title='bbox 25 1087 84 1148; x_wconf 90' lang='lat' dir='ltr'><strong>Nec</strong></span> <span class='ocrx_word' id='word_1_55' title='bbox 106 1096 172 1148; x_wconf 92' lang='lat' dir='ltr'><strong>rota</strong></span> <span class='ocrx_word' id='word_1_56' title='bbox 193 1105 251 1146; x_wconf 89' lang='lat' dir='ltr'><strong>nec</strong></span> <span class='ocrx_word' id='word_1_57' title='bbox 272 1088 365 1148; x_wconf 85' lang='lat' dir='ltr'><strong>iuriae</strong></span> <span class='ocrx_word' id='word_1_58' title='bbox 390 1105 447 1146; x_wconf 89' lang='lat' dir='ltr'><strong>uec</strong></span> <span class='ocrx_word' id='word_1_59' title='bbox 469 1105 569 1148; x_wconf 80' lang='lat' dir='ltr'><strong>saxum</strong></span> <span class='ocrx_word' id='word_1_60' title='bbox 591 1097 639 1148; x_wconf 92' lang='lat' dir='ltr'><strong>aut</strong></span> <span class='ocrx_word' id='word_1_61' title='bbox 661 1087 782 1148; x_wconf 86' lang='lat' dir='ltr'><strong>vulturis</strong></span> <span class='ocrx_word' id='word_1_62' title='bbox 804 1090 858 1149; x_wconf 91' lang='lat' dir='ltr'><strong>atri</strong></span> 
     </span>
     <span class='ocr_line' id='line_1_11' title="bbox 25 1170 860 1248; baseline 0.001 -18"><span class='ocrx_word' id='word_1_63' title='bbox 25 1173 136 1246; x_wconf 89' lang='lat' dir='ltr'><strong>Poena,</strong></span> <span class='ocrx_word' id='word_1_64' title='bbox 160 1171 212 1230; x_wconf 90' lang='lat' dir='ltr'><strong>sed</strong></span> <span class='ocrx_word' id='word_1_65' title='bbox 232 1171 350 1230; x_wconf 83' lang='lat' dir='ltr'><strong>infernis</strong></span> <span class='ocrx_word' id='word_1_66' title='bbox 372 1170 481 1231; x_wconf 88' lang='lat' dir='ltr'><strong>hilares</strong></span> <span class='ocrx_word' id='word_1_67' title='bbox 503 1173 566 1230; x_wconf 90' lang='lat' dir='ltr'><strong>sine</strong></span> <span class='ocrx_word' id='word_1_68' title='bbox 589 1170 709 1248; x_wconf 90' lang='lat' dir='ltr'><strong>regibus</strong></span> <span class='ocrx_word' id='word_1_69' title='bbox 731 1172 860 1234; x_wconf 86' lang='lat' dir='ltr'><strong>umbrae.</strong></span> 
     </span>
     <span class='ocr_line' id='line_1_12' title="bbox 25 1254 645 1333; baseline 0.002 -20"><span class='ocrx_word' id='word_1_70' title='bbox 25 1254 197 1333; x_wconf 84' lang='lat' dir='ltr'><strong>lmprobitas</strong></span> <span class='ocrx_word' id='word_1_71' title='bbox 217 1254 270 1315; x_wconf 89' lang='lat' dir='ltr'><strong>illo</strong></span> <span class='ocrx_word' id='word_1_72' title='bbox 291 1255 342 1315; x_wconf 92' lang='lat' dir='ltr'><strong>luit</strong></span> <span class='ocrx_word' id='word_1_73' title='bbox 360 1254 536 1314; x_wconf 91' lang='lat' dir='ltr'><strong>admirabilis</strong></span> <span class='ocrx_word' id='word_1_74' title='bbox 559 1272 645 1330; x_wconf 84' lang='lat' dir='ltr'><strong>aevo,</strong></span> 
     </span>
    </p>

    <p class='ocr_par' dir='ltr' id='par_1_4' title="bbox 25 1337 843 1417">
     <span class='ocr_line' id='line_1_13' title="bbox 25 1337 843 1417; baseline 0.002 -19"><span class='ocrx_word' id='word_1_75' title='bbox 25 1337 193 1398; x_wconf 81' lang='lat' dir='ltr'><strong>Credebant</strong></span> <span class='ocrx_word' id='word_1_76' title='bbox 215 1355 272 1416; x_wconf 96' lang='lat' dir='ltr'><strong>quo</strong></span> <span class='ocrx_word' id='word_1_77' title='bbox 293 1338 404 1416; x_wconf 78' lang='lat' dir='ltr'><strong>grande</strong></span> <span class='ocrx_word' id='word_1_78' title='bbox 427 1339 510 1399; x_wconf 82' lang='lat' dir='ltr'><strong>nefas</strong></span> <span class='ocrx_word' id='word_1_79' title='bbox 531 1348 561 1398; x_wconf 89' lang='lat' dir='ltr'><strong>et</strong></span> <span class='ocrx_word' id='word_1_80' title='bbox 582 1349 676 1398; x_wconf 89' lang='lat' dir='ltr'><strong>morte</strong></span> <span class='ocrx_word' id='word_1_81' title='bbox 698 1341 843 1417; x_wconf 86' lang='lat' dir='ltr'><strong>piandum,</strong></span> 
     </span>
    </p>

    <p class='ocr_par' dir='ltr' id='par_1_5' title="bbox 24 1422 710 1483">
     <span class='ocr_line' id='line_1_14' title="bbox 24 1422 710 1483; baseline 0 -2"><span class='ocrx_word' id='word_1_82' title='bbox 24 1424 52 1481; x_wconf 89' lang='lat' dir='ltr'><strong>Si</strong></span> <span class='ocrx_word' id='word_1_83' title='bbox 74 1423 189 1482; x_wconf 83' lang='lat' dir='ltr'><strong>iuvenis</strong></span> <span class='ocrx_word' id='word_1_84' title='bbox 209 1422 307 1483; x_wconf 84' lang='lat' dir='ltr'><strong>vetulo</strong></span> <span class='ocrx_word' id='word_1_85' title='bbox 328 1439 386 1481; x_wconf 92' lang='lat' dir='ltr'><strong>non</strong></span> <span class='ocrx_word' id='word_1_86' title='bbox 408 1433 612 1482; x_wconf 87' lang='lat' dir='ltr'><strong>assurrexerat</strong></span> <span class='ocrx_word' id='word_1_87' title='bbox 634 1432 664 1481; x_wconf 83' lang='lat' dir='ltr'><strong>ct</strong></span> <span class='ocrx_word' id='word_1_88' title='bbox 686 1425 710 1481; x_wconf 91' lang='lat' dir='ltr'><strong>si</strong></span> 
     </span>
    </p>

    <p class='ocr_par' dir='ltr' id='par_1_6' title="bbox 24 1506 766 1584">
     <span class='ocr_line' id='line_1_15' title="bbox 24 1506 766 1584; baseline 0.003 -19"><span class='ocrx_word' id='word_1_89' title='bbox 24 1506 149 1566; x_wconf 89' lang='lat' dir='ltr'><strong>Barbato</strong></span> <span class='ocrx_word' id='word_1_90' title='bbox 173 1507 341 1584; x_wconf 91' lang='lat' dir='ltr'><strong>cuicumque</strong></span> <span class='ocrx_word' id='word_1_91' title='bbox 362 1524 450 1584; x_wconf 88' lang='lat' dir='ltr'><strong>puer,</strong></span> <span class='ocrx_word' id='word_1_92' title='bbox 473 1506 543 1566; x_wconf 89' lang='lat' dir='ltr'><strong>licet</strong></span> <span class='ocrx_word' id='word_1_93' title='bbox 565 1507 630 1584; x_wconf 89' lang='lat' dir='ltr'><strong>ipse</strong></span> <span class='ocrx_word' id='word_1_94' title='bbox 652 1506 766 1567; x_wconf 84' lang='lat' dir='ltr'><strong>rideret</strong></span> 
     </span>
    </p>

    <p class='ocr_par' dir='ltr' id='par_1_7' title="bbox 9 1590 846 1836">
     <span class='ocr_line' id='line_1_16' title="bbox 24 1590 806 1667; baseline -0.001 -17"><span class='ocrx_word' id='word_1_95' title='bbox 24 1591 108 1651; x_wconf 89' lang='lat' dir='ltr'><strong>Plura</strong></span> <span class='ocrx_word' id='word_1_96' title='bbox 132 1591 210 1650; x_wconf 94' lang='lat' dir='ltr'><strong>domi</strong></span> <span class='ocrx_word' id='word_1_97' title='bbox 232 1590 314 1667; x_wconf 82' lang='lat' dir='ltr'><strong>fraga</strong></span> <span class='ocrx_word' id='word_1_98' title='bbox 336 1600 366 1649; x_wconf 90' lang='lat' dir='ltr'><strong>et</strong></span> <span class='ocrx_word' id='word_1_99' title='bbox 383 1591 510 1650; x_wconf 88' lang='lat' dir='ltr'><strong>maiores</strong></span> <span class='ocrx_word' id='word_1_100' title='bbox 533 1590 648 1667; x_wconf 87' lang='lat' dir='ltr'><strong>glandis</strong></span> <span class='ocrx_word' id='word_1_101' title='bbox 672 1608 806 1652; x_wconf 88' lang='lat' dir='ltr'><strong>acervos.</strong></span> 
     </span>
     <span class='ocr_line' id='line_1_17' title="bbox 9 1673 846 1762; baseline 0.001 -29"><span class='ocrx_word' id='word_1_102' title='bbox 9 1675 91 1762; x_wconf 46' lang='lat' dir='ltr'><strong>plain</strong></span> <span class='ocrx_word' id='word_1_103' title='bbox 111 1673 285 1734; x_wconf 87' lang='lat' dir='ltr'><strong>venerabile</strong></span> <span class='ocrx_word' id='word_1_104' title='bbox 307 1682 370 1734; x_wconf 90' lang='lat' dir='ltr'><strong>erat</strong></span> <span class='ocrx_word' id='word_1_105' title='bbox 393 1674 576 1751; x_wconf 89' lang='lat' dir='ltr'><strong>praecedere</strong></span> <span class='ocrx_word' id='word_1_106' title='bbox 597 1682 732 1752; x_wconf 89' lang='lat' dir='ltr'><strong>quattuor</strong></span> <span class='ocrx_word' id='word_1_107' title='bbox 754 1678 846 1752; x_wconf 89' lang='lat' dir='ltr'><strong>annis,</strong></span> 
     </span>
     <span class='ocr_line' id='line_1_18' title="bbox 25 1758 777 1836; baseline 0.001 -18"><span class='ocrx_word' id='word_1_108' title='bbox 25 1758 176 1836; x_wconf 87' lang='lat' dir='ltr'><strong>Primaque</strong></span> <span class='ocrx_word' id='word_1_109' title='bbox 198 1758 347 1835; x_wconf 86' lang='lat' dir='ltr'><strong>paradeo</strong></span> <span class='ocrx_word' id='word_1_110' title='bbox 368 1775 471 1817; x_wconf 90' lang='lat' dir='ltr'><strong>sacrae</strong></span> <span class='ocrx_word' id='word_1_111' title='bbox 492 1758 599 1835; x_wconf 84' lang='lat' dir='ltr'><strong>lanugo</strong></span> <span class='ocrx_word' id='word_1_112' title='bbox 622 1761 777 1819; x_wconf 89' lang='lat' dir='ltr'><strong>senectae!</strong></span> 
     </span>
    </p>

    <p class='ocr_par' dir='ltr' id='par_1_8' title="bbox 26 1840 833 1919">
     <span class='ocr_line' id='line_1_19' title="bbox 26 1840 833 1919; baseline 0.002 -19"><span class='ocrx_word' id='word_1_113' title='bbox 26 1841 121 1917; x_wconf 86' lang='lat' dir='ltr'><strong>Nunc,</strong></span> <span class='ocrx_word' id='word_1_114' title='bbox 145 1843 170 1900; x_wconf 92' lang='lat' dir='ltr'><strong>si</strong></span> <span class='ocrx_word' id='word_1_115' title='bbox 193 1841 355 1919; x_wconf 90' lang='lat' dir='ltr'><strong>depositum</strong></span> <span class='ocrx_word' id='word_1_116' title='bbox 375 1857 432 1900; x_wconf 92' lang='lat' dir='ltr'><strong>non</strong></span> <span class='ocrx_word' id='word_1_117' title='bbox 456 1840 594 1901; x_wconf 88' lang='lat' dir='ltr'><strong>infitietur</strong></span> <span class='ocrx_word' id='word_1_118' title='bbox 617 1843 736 1918; x_wconf 87' lang='lat' dir='ltr'><strong>amicus,</strong></span> <span class='ocrx_word' id='word_1_119' title='bbox 829 1873 833 1882; x_wconf 91' lang='lat'>·</span> 
     </span>
    </p>

    <p class='ocr_par' dir='ltr' id='par_1_9' title="bbox 28 1926 799 2087">
     <span class='ocr_line' id='line_1_20' title="bbox 28 1926 799 2003; baseline 0.005 -20"><span class='ocrx_word' id='word_1_120' title='bbox 28 1928 55 1984; x_wconf 78' lang='lat' dir='ltr'><strong>si</strong></span> <span class='ocrx_word' id='word_1_121' title='bbox 78 1926 184 1987; x_wconf 88' lang='lat' dir='ltr'><strong>reddat</strong></span> <span class='ocrx_word' id='word_1_122' title='bbox 204 1934 334 1985; x_wconf 80' lang='lat' dir='ltr'><strong>veterem</strong></span> <span class='ocrx_word' id='word_1_123' title='bbox 356 1942 420 1984; x_wconf 93' lang='lat' dir='ltr'><strong>cum</strong></span> <span class='ocrx_word' id='word_1_124' title='bbox 441 1933 501 1985; x_wconf 94' lang='lat' dir='ltr'><strong>tota</strong></span> <span class='ocrx_word' id='word_1_125' title='bbox 524 1927 664 2002; x_wconf 87' lang='lat' dir='ltr'><strong>aerugine</strong></span> <span class='ocrx_word' id='word_1_126' title='bbox 687 1927 799 2003; x_wconf 80' lang='lat' dir='ltr'><strong>iollam,</strong></span> 
     </span>
     <span class='ocr_line' id='line_1_21' title="bbox 28 2007 722 2087; baseline 0 -19"><span class='ocrx_word' id='word_1_127' title='bbox 28 2010 194 2087; x_wconf 86' lang='lat' dir='ltr'><strong>Prodigiosa</strong></span> <span class='ocrx_word' id='word_1_128' title='bbox 216 2008 289 2069; x_wconf 90' lang='lat' dir='ltr'><strong>hdes</strong></span> <span class='ocrx_word' id='word_1_129' title='bbox 313 2017 343 2068; x_wconf 87' lang='lat' dir='ltr'><strong>et</strong></span> <span class='ocrx_word' id='word_1_130' title='bbox 366 2007 471 2069; x_wconf 84' lang='lat' dir='ltr'><strong>&#39;luscis</strong></span> <span class='ocrx_word' id='word_1_131' title='bbox 493 2010 579 2087; x_wconf 88' lang='lat' dir='ltr'><strong>digna</strong></span> <span class='ocrx_word' id='word_1_132' title='bbox 602 2009 722 2085; x_wconf 80' lang='lat' dir='ltr'><strong>libellis,</strong></span> 
     </span>
    </p>

    <p class='ocr_par' dir='ltr' id='par_1_10' title="bbox 29 2092 697 2172">
     <span class='ocr_line' id='line_1_22' title="bbox 29 2092 697 2172; baseline -0.003 -20"><span class='ocrx_word' id='word_1_133' title='bbox 29 2092 164 2172; x_wconf 82' lang='lat' dir='ltr'><strong>Quaeque</strong></span> <span class='ocrx_word' id='word_1_134' title='bbox 188 2101 325 2153; x_wconf 90' lang='lat' dir='ltr'><strong>coronata</strong></span> <span class='ocrx_word' id='word_1_135' title='bbox 347 2093 463 2153; x_wconf 90' lang='lat' dir='ltr'><strong>lustrari</strong></span> <span class='ocrx_word' id='word_1_136' title='bbox 485 2092 592 2153; x_wconf 85' lang='lat' dir='ltr'><strong>debeat</strong></span> <span class='ocrx_word' id='word_1_137' title='bbox 613 2111 697 2170; x_wconf 87' lang='lat' dir='ltr'><strong>agna.</strong></span> 
     </span>
    </p>

    <p class='ocr_par' dir='ltr' id='par_1_11' title="bbox 30 2175 854 2423">
     <span class='ocr_line' id='line_1_23' title="bbox 30 2175 854 2255; baseline 0.001 -21"><span class='ocrx_word' id='word_1_138' title='bbox 30 2175 181 2254; x_wconf 84' lang='lat' dir='ltr'><strong>Egregium</strong></span> <span class='ocrx_word' id='word_1_139' title='bbox 200 2185 388 2255; x_wconf 80' lang='lat' dir='ltr'><strong>sanctumque</strong></span> <span class='ocrx_word' id='word_1_140' title='bbox 410 2178 509 2236; x_wconf 86' lang='lat' dir='ltr'><strong>uirum</strong></span> <span class='ocrx_word' id='word_1_141' title='bbox 525 2179 549 2236; x_wconf 91' lang='lat' dir='ltr'><strong>si</strong></span> <span class='ocrx_word' id='word_1_142' title='bbox 572 2194 679 2253; x_wconf 80' lang='lat' dir='ltr'><strong>cerno,</strong></span> <span class='ocrx_word' id='word_1_143' title='bbox 704 2178 854 2237; x_wconf 90' lang='lat' dir='ltr'><strong>bimembri</strong></span> 
     </span>
     <span class='ocr_line' id='line_1_24' title="bbox 31 2260 795 2339; baseline 0.004 -20"><span class='ocrx_word' id='word_1_144' title='bbox 31 2260 86 2320; x_wconf 92' lang='lat' dir='ltr'><strong>lloc</strong></span> <span class='ocrx_word' id='word_1_145' title='bbox 107 2270 264 2321; x_wconf 89' lang='lat' dir='ltr'><strong>monstrum</strong></span> <span class='ocrx_word' id='word_1_146' title='bbox 287 2278 380 2339; x_wconf 92' lang='lat' dir='ltr'><strong>puero</strong></span> <span class='ocrx_word' id='word_1_147' title='bbox 399 2261 448 2320; x_wconf 83' lang='lat' dir='ltr'><strong>vel</strong></span> <span class='ocrx_word' id='word_1_148' title='bbox 469 2261 605 2320; x_wconf 87' lang='lat' dir='ltr'><strong>mirandis</strong></span> <span class='ocrx_word' id='word_1_149' title='bbox 628 2262 681 2321; x_wconf 90' lang='lat' dir='ltr'><strong>sub</strong></span> <span class='ocrx_word' id='word_1_150' title='bbox 700 2272 795 2323; x_wconf 91' lang='lat' dir='ltr'><strong>aratro</strong></span> 
     </span>
     <span class='ocr_line' id='line_1_25' title="bbox 31 2343 732 2423; baseline 0.006 -21"><span class='ocrx_word' id='word_1_151' title='bbox 31 2343 154 2405; x_wconf 87' lang='lat' dir='ltr'><strong>Piscibus</strong></span> <span class='ocrx_word' id='word_1_152' title='bbox 173 2346 298 2404; x_wconf 83' lang='lat' dir='ltr'><strong>inventis</strong></span> <span class='ocrx_word' id='word_1_153' title='bbox 315 2353 345 2404; x_wconf 91' lang='lat' dir='ltr'><strong>ct</strong></span> <span class='ocrx_word' id='word_1_154' title='bbox 363 2346 442 2405; x_wconf 92' lang='lat' dir='ltr'><strong>letae</strong></span> <span class='ocrx_word' id='word_1_155' title='bbox 464 2361 603 2423; x_wconf 88' lang='lat' dir='ltr'><strong>comparo</strong></span> <span class='ocrx_word' id='word_1_156' title='bbox 626 2346 732 2422; x_wconf 85' lang='lat' dir='ltr'><strong>mulae,</strong></span> 
     </span>
    </p>

    <p class='ocr_par' dir='ltr' id='par_1_12' title="bbox 12 2428 760 2591">
     <span class='ocr_line' id='line_1_26' title="bbox 33 2428 760 2507; baseline 0.004 -20"><span class='ocrx_word' id='word_1_157' title='bbox 33 2428 190 2504; x_wconf 87' lang='lat' dir='ltr'><strong>Sollicitus,</strong></span> <span class='ocrx_word' id='word_1_158' title='bbox 214 2439 358 2507; x_wconf 88' lang='lat' dir='ltr'><strong>tamquam</strong></span> <span class='ocrx_word' id='word_1_159' title='bbox 379 2429 493 2507; x_wconf 90' lang='lat' dir='ltr'><strong>lapides</strong></span> <span class='ocrx_word' id='word_1_160' title='bbox 514 2429 648 2489; x_wconf 78' lang='lat' dir='ltr'><strong>effuderit</strong></span> <span class='ocrx_word' id='word_1_161' title='bbox 667 2430 760 2490; x_wconf 87' lang='lat' dir='ltr'><strong>imber</strong></span> 
     </span>
     <span class='ocr_line' id='line_1_27' title="bbox 12 2511 709 2591; baseline -0.001 -17"><span class='ocrx_word' id='word_1_162' title='bbox 12 2511 212 2591; x_wconf 69' lang='lat' dir='ltr'><strong>uExamenque</strong></span> <span class='ocrx_word' id='word_1_163' title='bbox 235 2514 331 2590; x_wconf 89' lang='lat' dir='ltr'><strong>apium</strong></span> <span class='ocrx_word' id='word_1_164' title='bbox 354 2512 442 2590; x_wconf 87' lang='lat' dir='ltr'><strong>longa</strong></span> <span class='ocrx_word' id='word_1_165' title='bbox 465 2513 633 2573; x_wconf 90' lang='lat' dir='ltr'><strong>consederit</strong></span> <span class='ocrx_word' id='word_1_166' title='bbox 654 2533 709 2573; x_wconf 88' lang='lat' dir='ltr'><strong>uva</strong></span> 
     </span>
    </p>

    <p class='ocr_par' dir='ltr' id='par_1_13' title="bbox 32 2595 1015 2757">
     <span class='ocr_line' id='line_1_28' title="bbox 33 2595 874 2676; baseline 0 -22"><span class='ocrx_word' id='word_1_167' title='bbox 33 2595 154 2655; x_wconf 75' lang='lat' dir='ltr'><strong>dulmine</strong></span> <span class='ocrx_word' id='word_1_168' title='bbox 176 2595 291 2656; x_wconf 91' lang='lat' dir='ltr'><strong>delubri</strong></span> <span class='ocrx_word' id='word_1_169' title='bbox 298 2605 472 2676; x_wconf 68' lang='lat' dir='ltr'><strong>,tamquam</strong></span> <span class='ocrx_word' id='word_1_170' title='bbox 495 2599 523 2655; x_wconf 92' lang='lat' dir='ltr'><strong>iu</strong></span> <span class='ocrx_word' id='word_1_171' title='bbox 544 2615 624 2657; x_wconf 89' lang='lat' dir='ltr'><strong>mare</strong></span> <span class='ocrx_word' id='word_1_172' title='bbox 646 2597 762 2656; x_wconf 84' lang='lat' dir='ltr'><strong>lluxerit</strong></span> <span class='ocrx_word' id='word_1_173' title='bbox 785 2597 874 2656; x_wconf 87' lang='lat' dir='ltr'><strong>amnis</strong></span> 
     </span>
     <span class='ocr_line' id='line_1_29' title="bbox 32 2679 1015 2757; baseline 0.001 -19"><span class='ocrx_word' id='word_1_174' title='bbox 32 2679 189 2757; x_wconf 84' lang='lat' dir='ltr'><strong>Gurgitibus</strong></span> <span class='ocrx_word' id='word_1_175' title='bbox 211 2681 292 2740; x_wconf 91' lang='lat' dir='ltr'><strong>miris</strong></span> <span class='ocrx_word' id='word_1_176' title='bbox 315 2689 344 2739; x_wconf 91' lang='lat' dir='ltr'><strong>et</strong></span> <span class='ocrx_word' id='word_1_177' title='bbox 366 2681 450 2741; x_wconf 87' lang='lat' dir='ltr'><strong>lactis</strong></span> <span class='ocrx_word' id='word_1_178' title='bbox 473 2682 585 2740; x_wconf 87' lang='lat' dir='ltr'><strong>vertice</strong></span> <span class='ocrx_word' id='word_1_179' title='bbox 608 2689 733 2740; x_wconf 89' lang='lat' dir='ltr'><strong>torrens.</strong></span> <span class='ocrx_word' id='word_1_180' title='bbox 850 2745 853 2748; x_wconf 62' lang='grc'><strong>,</strong></span> <span class='ocrx_word' id='word_1_181' title='bbox 981 2684 1015 2739; x_wconf 84' lang='grc'><strong>70</strong></span> 
     </span>
    </p>

    <p class='ocr_par' dir='ltr' id='par_1_14' title="bbox 66 2763 785 2843">
     <span class='ocr_line' id='line_1_30' title="bbox 66 2763 785 2843; baseline -0.001 -21"><span class='ocrx_word' id='word_1_182' title='bbox 66 2763 232 2841; x_wconf 87' lang='lat' dir='ltr'><strong>lntercepta</strong></span> <span class='ocrx_word' id='word_1_183' title='bbox 254 2765 358 2823; x_wconf 87' lang='lat' dir='ltr'><strong>decem</strong></span> <span class='ocrx_word' id='word_1_184' title='bbox 380 2766 513 2843; x_wconf 88' lang='lat' dir='ltr'><strong>quereris</strong></span> <span class='ocrx_word' id='word_1_185' title='bbox 534 2765 669 2824; x_wconf 87' lang='lat' dir='ltr'><strong>sestertia</strong></span> <span class='ocrx_word' id='word_1_186' title='bbox 682 2763 785 2822; x_wconf 79' lang='lat' dir='ltr'><strong>fraude</strong></span> 
     </span>
    </p>

    <p class='ocr_par' dir='ltr' id='par_1_15' title="bbox 14 2844 787 2930">
     <span class='ocr_line' id='line_1_31' title="bbox 14 2844 787 2930; baseline 0 -25"><span class='ocrx_word' id='word_1_187' title='bbox 14 2844 198 2930; x_wconf 47' lang='lat' dir='ltr'><strong>¹Sacrilegal</strong></span> <span class='ocrx_word' id='word_1_188' title='bbox 221 2848 287 2926; x_wconf 90' lang='lat' dir='ltr'><strong>quid</strong></span> <span class='ocrx_word' id='word_1_189' title='bbox 310 2850 334 2906; x_wconf 94' lang='lat' dir='ltr'><strong>si</strong></span> <span class='ocrx_word' id='word_1_190' title='bbox 357 2847 402 2908; x_wconf 90' lang='lat' dir='ltr'><strong>his</strong></span> <span class='ocrx_word' id='word_1_191' title='bbox 428 2857 541 2908; x_wconf 91' lang='lat' dir='ltr'><strong>centum</strong></span> <span class='ocrx_word' id='word_1_192' title='bbox 565 2849 690 2927; x_wconf 86' lang='lat' dir='ltr'><strong>perdidit</strong></span> <span class='ocrx_word' id='word_1_193' title='bbox 712 2847 787 2908; x_wconf 90' lang='lat' dir='ltr'><strong>alter</strong></span> 
     </span>
    </p>

    <p class='ocr_par' dir='ltr' id='par_1_16' title="bbox 14 2929 699 3006">
     <span class='ocr_line' id='line_1_32' title="bbox 14 2929 699 3006; baseline 0.004 -18"><span class='ocrx_word' id='word_1_194' title='bbox 14 2931 15 3006; x_wconf 62' lang='lat' dir='ltr'><strong>l</strong></span> <span class='ocrx_word' id='word_1_195' title='bbox 33 2929 87 2990; x_wconf 92' lang='lat' dir='ltr'><strong>Hoc</strong></span> <span class='ocrx_word' id='word_1_196' title='bbox 108 2949 213 2991; x_wconf 89' lang='lat' dir='ltr'><strong>arcana</strong></span> <span class='ocrx_word' id='word_1_197' title='bbox 235 2930 344 2992; x_wconf 80' lang='lat' dir='ltr'><strong>modo?</strong></span> <span class='ocrx_word' id='word_1_198' title='bbox 364 2934 503 2992; x_wconf 87' lang='lat' dir='ltr'><strong>maiorem</strong></span> <span class='ocrx_word' id='word_1_199' title='bbox 525 2933 627 2992; x_wconf 85' lang='lat' dir='ltr'><strong>tertius</strong></span> <span class='ocrx_word' id='word_1_200' title='bbox 648 2932 699 2992; x_wconf 94' lang='lat' dir='ltr'><strong>illa</strong></span> 
     </span>
    </p>

    <p class='ocr_par' dir='ltr' id='par_1_17' title="bbox 14 3010 1013 3262">
     <span class='ocr_line' id='line_1_33' title="bbox 14 3010 914 3095; baseline 0.002 -26"><span class='ocrx_word' id='word_1_201' title='bbox 14 3011 15 3068; x_wconf 69' lang='lat' dir='ltr'><strong>l</strong></span> <span class='ocrx_word' id='word_1_202' title='bbox 35 3016 182 3089; x_wconf 81' lang='lat' dir='ltr'><strong>Summam,</strong></span> <span class='ocrx_word' id='word_1_203' title='bbox 205 3032 291 3094; x_wconf 89' lang='lat' dir='ltr'><strong>quam</strong></span> <span class='ocrx_word' id='word_1_204' title='bbox 311 3017 427 3094; x_wconf 85' lang='lat' dir='ltr'><strong>patulae</strong></span> <span class='ocrx_word' id='word_1_205' title='bbox 447 3019 497 3076; x_wconf 84' lang='lat' dir='ltr'><strong>vix</strong></span> <span class='ocrx_word' id='word_1_206' title='bbox 520 3025 642 3095; x_wconf 92' lang='lat' dir='ltr'><strong>ceperat</strong></span> <span class='ocrx_word' id='word_1_207' title='bbox 660 3014 783 3094; x_wconf 90' lang='lat' dir='ltr'><strong>angulus</strong></span> <span class='ocrx_word' id='word_1_208' title='bbox 805 3010 914 3074; x_wconf 80' lang='lat' dir='ltr'><strong>arcae?</strong></span> 
     </span>
     <span class='ocr_line' id='line_1_34' title="bbox 14 3096 1013 3179; baseline 0.002 -23"><span class='ocrx_word' id='word_1_209' title='bbox 14 3096 94 3172; x_wconf 65' lang='lat' dir='ltr'><strong>:lam</strong></span> <span class='ocrx_word' id='word_1_210' title='bbox 115 3097 202 3158; x_wconf 87' lang='lat' dir='ltr'><strong>lacile</strong></span> <span class='ocrx_word' id='word_1_211' title='bbox 226 3108 255 3159; x_wconf 91' lang='lat' dir='ltr'><strong>et</strong></span> <span class='ocrx_word' id='word_1_212' title='bbox 274 3117 397 3177; x_wconf 90' lang='lat' dir='ltr'><strong>pronum</strong></span> <span class='ocrx_word' id='word_1_213' title='bbox 419 3111 465 3160; x_wconf 88' lang='lat' dir='ltr'><strong>est</strong></span> <span class='ocrx_word' id='word_1_214' title='bbox 488 3117 613 3179; x_wconf 90' lang='lat' dir='ltr'><strong>superos</strong></span> <span class='ocrx_word' id='word_1_215' title='bbox 636 3110 824 3161; x_wconf 89' lang='lat' dir='ltr'><strong>contemnere</strong></span> <span class='ocrx_word' id='word_1_216' title='bbox 847 3105 950 3172; x_wconf 74' lang='lat' dir='ltr'><strong>testes,</strong></span> <span class='ocrx_word' id='word_1_217' title='bbox 980 3104 1013 3158; x_wconf 81' lang='lat' dir='ltr'><strong>to</strong></span> 
     </span>
     <span class='ocr_line' id='line_1_35' title="bbox 37 3182 798 3262; baseline 0.003 -22"><span class='ocrx_word' id='word_1_218' title='bbox 37 3182 60 3239; x_wconf 89' lang='lat' dir='ltr'><strong>Si</strong></span> <span class='ocrx_word' id='word_1_219' title='bbox 77 3182 204 3242; x_wconf 85' lang='lat' dir='ltr'><strong>mortalis</strong></span> <span class='ocrx_word' id='word_1_220' title='bbox 221 3184 298 3243; x_wconf 91' lang='lat' dir='ltr'><strong>idem</strong></span> <span class='ocrx_word' id='word_1_221' title='bbox 322 3203 409 3244; x_wconf 89' lang='lat' dir='ltr'><strong>nemo</strong></span> <span class='ocrx_word' id='word_1_222' title='bbox 429 3185 516 3246; x_wconf 89' lang='lat' dir='ltr'><strong>sciat!</strong></span> <span class='ocrx_word' id='word_1_223' title='bbox 540 3185 670 3262; x_wconf 88' lang='lat' dir='ltr'><strong>Aspice,</strong></span> <span class='ocrx_word' id='word_1_224' title='bbox 695 3192 798 3262; x_wconf 90' lang='lat' dir='ltr'><strong>quanta</strong></span> 
     </span>
    </p>

    <p class='ocr_par' dir='ltr' id='par_1_18' title="bbox 38 3263 789 3346">
     <span class='ocr_line' id='line_1_36' title="bbox 38 3263 789 3346; baseline 0.007 -25"><span class='ocrx_word' id='word_1_225' title='bbox 38 3263 106 3325; x_wconf 85' lang='lat' dir='ltr'><strong>Voce</strong></span> <span class='ocrx_word' id='word_1_226' title='bbox 126 3275 234 3343; x_wconf 90' lang='lat' dir='ltr'><strong>neget,</strong></span> <span class='ocrx_word' id='word_1_227' title='bbox 255 3285 330 3346; x_wconf 89' lang='lat' dir='ltr'><strong>quae</strong></span> <span class='ocrx_word' id='word_1_228' title='bbox 352 3270 389 3327; x_wconf 91' lang='lat' dir='ltr'><strong>sit</strong></span> <span class='ocrx_word' id='word_1_229' title='bbox 411 3269 470 3328; x_wconf 87' lang='lat' dir='ltr'><strong>licti</strong></span> <span class='ocrx_word' id='word_1_230' title='bbox 493 3271 654 3330; x_wconf 88' lang='lat' dir='ltr'><strong>constantia</strong></span> <span class='ocrx_word' id='word_1_231' title='bbox 675 3268 789 3328; x_wconf 90' lang='lat' dir='ltr'><strong>vultus:</strong></span> 
     </span>
    </p>

    <p class='ocr_par' dir='ltr' id='par_1_19' title="bbox 38 3347 739 3431">
     <span class='ocr_line' id='line_1_37' title="bbox 38 3347 739 3431; baseline 0.007 -26"><span class='ocrx_word' id='word_1_232' title='bbox 38 3347 83 3408; x_wconf 87' lang='lat' dir='ltr'><strong>Per</strong></span> <span class='ocrx_word' id='word_1_233' title='bbox 102 3351 179 3410; x_wconf 91' lang='lat' dir='ltr'><strong>Solis</strong></span> <span class='ocrx_word' id='word_1_234' title='bbox 201 3350 300 3412; x_wconf 91' lang='lat' dir='ltr'><strong>radios</strong></span> <span class='ocrx_word' id='word_1_235' title='bbox 323 3351 508 3431; x_wconf 85' lang='lat' dir='ltr'><strong>Tarpeiaque</strong></span> <span class='ocrx_word' id='word_1_236' title='bbox 532 3353 649 3412; x_wconf 92' lang='lat' dir='ltr'><strong>lulmina</strong></span> <span class='ocrx_word' id='word_1_237' title='bbox 665 3355 739 3411; x_wconf 89' lang='lat' dir='ltr'><strong>iurat</strong></span> 
     </span>
    </p>

    <p class='ocr_par' dir='ltr' id='par_1_20' title="bbox 16 3429 1013 3608">
     <span class='ocr_line' id='line_1_38' title="bbox 39 3429 793 3514; baseline 0.004 -26"><span class='ocrx_word' id='word_1_238' title='bbox 39 3429 66 3490; x_wconf 87' lang='lat' dir='ltr'><strong>Et</strong></span> <span class='ocrx_word' id='word_1_239' title='bbox 83 3432 179 3493; x_wconf 84' lang='lat' dir='ltr'><strong>hlartis</strong></span> <span class='ocrx_word' id='word_1_240' title='bbox 201 3434 340 3496; x_wconf 83' lang='lat' dir='ltr'><strong>frameam</strong></span> <span class='ocrx_word' id='word_1_241' title='bbox 364 3446 393 3495; x_wconf 87' lang='lat' dir='ltr'><strong>et</strong></span> <span class='ocrx_word' id='word_1_242' title='bbox 412 3435 544 3497; x_wconf 77' lang='lat' dir='ltr'><strong>Cirrhaei</strong></span> <span class='ocrx_word' id='word_1_243' title='bbox 567 3436 678 3514; x_wconf 86' lang='lat' dir='ltr'><strong>spicula</strong></span> <span class='ocrx_word' id='word_1_244' title='bbox 700 3435 793 3508; x_wconf 84' lang='lat' dir='ltr'><strong>vatis,</strong></span> 
     </span>
     <span class='ocr_line' id='line_1_39' title="bbox 16 3511 1013 3608; baseline 0 -35"><span class='ocrx_word' id='word_1_245' title='bbox 16 3589 17 3608; x_wconf 13' lang='grc' dir='ltr'><strong>Χ</strong></span> <span class='ocrx_word' id='word_1_246' title='bbox 40 3511 84 3574; x_wconf 85' lang='lat' dir='ltr'><strong>ler</strong></span> <span class='ocrx_word' id='word_1_247' title='bbox 104 3516 229 3578; x_wconf 89' lang='lat' dir='ltr'><strong>calamos</strong></span> <span class='ocrx_word' id='word_1_248' title='bbox 249 3520 406 3581; x_wconf 83' lang='lat' dir='ltr'><strong>venatricis</strong></span> <span class='ocrx_word' id='word_1_249' title='bbox 429 3520 652 3598; x_wconf 87' lang='lat' dir='ltr'><strong>pharetramque</strong></span> <span class='ocrx_word' id='word_1_250' title='bbox 676 3517 804 3595; x_wconf 90' lang='lat' dir='ltr'><strong>puellae,</strong></span> <span class='ocrx_word' id='word_1_251' title='bbox 978 3525 1013 3574; x_wconf 78' lang='lat' dir='ltr'><strong>uo</strong></span> 
     </span>
    </p>
   </div>
   <div class='ocr_carea' id='block_1_3' title="bbox 0 0 1249 3994">
    <p class='ocr_par' dir='ltr' id='par_1_21' title="bbox 0 0 1249 3994">
     <span class='ocr_line' id='line_1_40' title="bbox 0 0 1249 3994; baseline 0 0"><span class='ocrx_word' id='word_1_252' title='bbox 0 0 1249 3994; x_wconf 95' lang='lat' dir='ltr'><strong> </strong></span> 
     </span>
    </p>
   </div>
  </div>
 </body>
</html>
