2438 3994
413 282 537 330 saulus
557 283 605 330 XI.
975 277 1013 338 75

26 419 213 498 Despiciam,
241 425 290 497 qul
312 421 382 495 scit,
411 429 516 499 quanto
542 422 692 483 sublimior
715 423 798 485 Atlas

27 503 166 563 Omnibus
190 504 221 562 in
241 501 331 578 Libya
355 505 392 563 sit
414 504 573 581 montibus,
593 506 640 567 hic
660 517 755 567 tamen
776 508 852 568 idem
979 525 1014 575 25

26 587 164 664 ignoret,
192 595 326 665 quantum
350 586 457 647 ferrata
481 587 568 648 distet
593 590 629 650 ab
655 608 723 651 arca

26 670 182 730 Sacculus.
215 668 240 728 E
267 669 352 730 coelo
376 669 527 730 descendit
547 675 645 750 γνῶθι
669 671 801 751 σεαυτόν,

26 753 188 831 Tigendum
213 761 241 812 et
266 755 386 812 memori
407 755 584 815 tractandum
608 767 749 836 pectore,
773 761 835 819 sive

28 835 201 913 Coniugium
222 853 346 914 quaeras
367 836 416 896 vel
437 840 514 897 sacri
536 840 563 897 in
584 850 667 918 parte
690 851 807 902 senatus

26 919 100 980 Esse
125 919 217 988 velis;
244 936 339 997 neque
366 919 440 980 enim
462 920 580 983 loricam
603 926 699 1001 poscit
721 923 845 987 Achillis
977 939 1012 992 30

27 1004 194 1080 Thersites,
221 1004 250 1062 iu
277 1020 332 1081 qua
358 1021 392 1063 se
415 1004 584 1066 traducebat
606 1007 722 1082 Ulixcs;

28 1087 192 1166 hncipitem
218 1103 269 1145 seu
293 1096 322 1145 tu
348 1104 452 1164 magno
476 1089 639 1150 discrimine
663 1108 779 1152 causam

26 1171 189 1249 Protegcre
212 1169 348 1247 affectas,
372 1178 401 1230 te
426 1172 564 1249 consule,
587 1174 634 1234 dic
654 1175 719 1251 tibi,
743 1176 791 1254 qui
814 1176 864 1252 sis,

27 1253 133 1314 Orator
154 1252 328 1329 vehemens,
353 1272 388 1314 an
411 1252 525 1316 (lortius
548 1266 577 1315 et
602 1257 699 1318 llatho
724 1259 845 1319 buccae.

10 1337 182 1398 ¹lloscenda
207 1345 252 1396 est
274 1354 408 1397 mensura
430 1341 473 1398 sui
496 1341 712 1420 spectandaque
735 1341 824 1401 rebus
976 1354 1009 1408 35

10 1415 53 1479 sslu
75 1421 196 1482 summis
218 1421 414 1500 minimisque,
437 1425 521 1483 etiam
542 1441 627 1502 quum
651 1427 740 1502 piscis
764 1434 888 1494 emetur;

25 1504 65 1564 Ne
91 1504 211 1564 mullum
234 1505 350 1582 cupias,
375 1522 460 1583 quum
482 1508 519 1564 sit
543 1506 594 1566 tibi
617 1508 707 1584 gobio
729 1517 835 1567 tantum

25 1587 53 1647 ln
79 1587 198 1650 loculis.
236 1585 308 1660 Quis
332 1589 406 1647 enim
430 1598 458 1648 te
481 1589 635 1650 deficiente
659 1610 794 1651 crumena

26 1670 58 1730 ht
82 1679 240 1732 crescente
265 1670 333 1749 gula
354 1683 451 1732 manet
474 1674 586 1750 exitus,
614 1692 683 1735 aere
706 1685 828 1756 paterno

28 1755 66 1815 hc
90 1755 182 1815 rebus
203 1756 307 1814 mersis
329 1756 358 1814 in
381 1765 527 1833 ventrem,
551 1757 662 1819 fenoris
684 1768 770 1839 atquc

29 1838 149 1917 Argenti
170 1840 270 1916 gravis
293 1847 322 1898 et
343 1855 482 1918 pecorum
504 1858 697 1921 agrorumque
722 1842 880 1922 capacem?

29 1921 144 1982 Talibus
170 1940 187 1982 a
213 1921 334 1982 dominis
358 1932 425 2000 post
453 1934 555 1984 concta
579 1927 751 1986 novissimos
767 1929 832 1986 'exit

29 2005 170 2081 lnuulus,
196 2014 225 2065 et
247 2006 337 2082 digito
360 2007 503 2067 mendicat
527 2007 620 2068 Pollio
648 2009 733 2070 nudo.

30 2087 88 2148 Non
111 2091 289 2168 praematuri
313 2091 428 2150 cineres
449 2108 505 2150 nec
530 2091 614 2151 funus
635 2092 771 2151 acerbum

31 2170 181 2250 Luxuriae,
205 2173 259 2233 sed
283 2182 375 2232 morte
398 2175 490 2251 magis
510 2176 662 2236 metuenda
686 2185 831 2235 senectus.

31 2254 59 2314 lli
81 2256 254 2336 plerumque
276 2256 397 2333 gradus:
425 2258 566 2318 conducta
589 2260 711 2337 pecunia
731 2259 841 2320 Romae

33 2336 62 2398 llt
83 2358 183 2400 coram
207 2339 327 2400 dominis
351 2343 541 2411 consumitur;
569 2343 635 2403 inde
657 2344 704 2403 ubi
728 2343 841 2422 paulum

33 2419 132 2484 llcscio
155 2423 224 2504 quid
249 2433 383 2503 superest
406 2433 436 2485 et
455 2425 545 2503 pallet
567 2427 676 2488 fenoris
699 2437 810 2504 auctor,

34 2504 79 2576 out
103 2517 224 2567 vertere
251 2507 361 2584 solum,
387 2508 472 2569 Baias
495 2519 525 2569 ct
549 2511 584 2570 ad
605 2521 703 2570 ostrea
726 2520 851 2570 currunt.

34 2586 140 2650 Cedere
160 2608 284 2668 namque
311 2590 376 2650 loro
401 2593 456 2652 iam
477 2611 535 2653 non
561 2604 606 2654 est
629 2594 757 2654 deterius
781 2610 864 2670 quam

33 2669 172 2751 Esquilias
199 2692 216 2734 a
240 2674 366 2734 ferventi
387 2677 512 2753 migrare
538 2677 660 2737 Subura.

33 2753 77 2814 llle
101 2757 189 2818 dolor
214 2756 294 2817 solus
318 2760 438 2836 patriam
459 2760 649 2838 fugientibus,
677 2758 725 2820 ula

33 2835 168 2900 llaestitia
192 2849 254 2917 cst,
280 2843 410 2902 caruisse
434 2861 507 2903 anno
531 2844 710 2904 circensibus
734 2859 798 2901 uno.

35 2922 177 3000 Sanguinis
203 2925 231 2982 in
253 2924 329 2984 facie
350 2942 408 2985 non
429 2927 531 2987 haeret
555 2937 648 3005 gutta:
675 2936 820 2986 morantur

36 3003 109 3066 Pauci
134 3007 286 3068 ridiculum
321 3017 350 3068 et
389 3009 547 3087 lugientem
572 3029 609 3071 ex
630 3010 701 3069 urbe
722 3010 872 3088 pudorem.

67 3088 229 3169 Experiere
250 3091 354 3168 hodie,
380 3095 515 3173 numquid
537 3094 730 3173 pulcherrima
751 3092 838 3168 dictu,

37 3169 158 3252 Persice,
184 3191 243 3234 non
263 3184 409 3254 praestem
434 3179 491 3236 vita
513 3178 562 3237 vel
584 3177 713 3237 moribus
738 3186 767 3236 et
787 3193 832 3250 re,

38 3255 83 3316 Sed
104 3257 220 3319 laudem
244 3258 365 3338 siliquas
386 3259 519 3320 occultus
540 3278 654 3338 ganeo,
677 3261 774 3338 pultes

39 3333 128 3400 doram
153 3342 219 3402 aliis
245 3341 351 3402 dictem
376 3360 486 3423 puero,
510 3344 563 3404 sed
587 3347 707 3405 inaure
731 3343 891 3423 placentas.
989 3372 994 3380 ·

39 3416 95 3482 Nam
116 3443 203 3504 quum
223 3426 264 3484 sis
288 3428 410 3488 conviva
433 3429 501 3488 mihi
522 3430 698 3506 promissus,
723 3426 845 3488 habebis

39 3498 202 3586 Evandrum,
227 3510 329 3569 venies
353 3509 517 3588 Tirynthius
542 3520 590 3570 aut
614 3513 706 3571 minor
727 3511 777 3571 illo
