2438 3994
397 276 524 324 saman
546 277 608 324 VII.

12 415 182 493 Componis,
205 413 280 474 dona
301 414 442 490 Veneris,
466 413 624 491 Telesine,
648 417 766 486 marito;

12 500 63 558 hut
86 496 190 558 claude
215 506 244 557 et
266 499 378 576 positos
400 499 477 559 tinea
503 500 646 578 pertunde
671 500 799 561 libellos.

12 582 118 659 lrange
138 582 230 640 miser
251 581 378 642 calamos
400 582 577 662 vigilataque
600 584 713 661 proelia
737 583 815 660 dele,

12 667 61 739 Qui
81 665 156 726 lacis
179 667 209 724 in
230 683 319 744 parva
341 665 472 727 sublimia
495 667 619 726 carmina
643 667 730 743 cella,

12 749 41 808 Ut
66 750 168 826 dignus
189 750 290 809 venias
313 749 431 810 hederis
455 758 485 809 et
504 751 627 827 imagine
649 768 756 812 macra.

12 835 81 912 Spes
102 832 182 893 nulla
204 833 339 901 nlterior;
357 832 461 898 ,didicit
484 835 539 894 iarn
560 834 641 894 dives
663 852 766 894 avarus

12 917 123 978 lantum
146 917 297 993 admirari,
319 925 425 977 tantum
447 917 566 977 laudare
591 918 728 994 disertos,

12 1001 41 1061 Ut
60 1001 144 1080 pueri
164 999 282 1060 lunonis
305 1019 398 1061 avem.
443 1001 502 1060 Sed
525 1001 623 1061 dellnit
645 1010 726 1062 aetas

12 1085 40 1144 lit
57 1084 159 1164 pelagi
181 1086 295 1163 patiens
317 1093 346 1144 et
368 1084 490 1144 cassidis
512 1093 598 1164 atque
622 1085 738 1162 ligonis.

12 1167 113 1228 laedio
137 1176 207 1227 tnnc
228 1167 352 1228 subeunt
375 1169 500 1244 animos,
523 1177 591 1228 tnnc
614 1186 706 1248 seque
730 1187 869 1248 suamque

12 1251 223 1331 Terpsichoren
247 1253 307 1313 odit
328 1251 451 1312 facunda
473 1262 502 1311 et
526 1252 600 1313 nuda
621 1261 767 1312 senectus.

44 1337 161 1413 Accipe
184 1353 258 1395 nnnc
283 1345 377 1412 artes,
400 1354 437 1394 ne
460 1336 528 1414 qnid
550 1336 602 1395 tibi
624 1335 756 1397 conferat
775 1338 845 1412 iste,

12 1419 95 1492 Quem
121 1419 196 1478 colis
235 1428 264 1479 et
285 1418 427 1479 Musarum
449 1429 478 1480 et
495 1418 642 1497 Apollinis
664 1420 739 1479 aede
762 1418 874 1479 relicta.

12 1501 69 1580 lpse
91 1503 164 1562 facit
182 1521 286 1562 versus
308 1512 395 1582 atque
419 1503 466 1561 uni
487 1503 563 1562 cedit
584 1501 712 1563 Homero

12 1585 127 1666 Propter
149 1585 228 1645 mille
250 1605 355 1656 annos;
375 1596 405 1645 tn
427 1588 449 1645 si
473 1586 627 1647 dulcedine
649 1586 743 1647 lamae

12 1671 171 1730 Succedens
192 1671 316 1747 recites,
337 1671 502 1730 maculosas
525 1671 688 1730 commodat
710 1670 816 1730 aedes:

12 1751 82 1814 llaec
105 1753 197 1831 longe
219 1754 327 1814 ferrata
351 1755 451 1814 domus
476 1755 588 1814 servire
611 1753 737 1829 iubetur,

12 1835 35 1896 ln
57 1856 112 1916 qna
137 1837 280 1897 sollicitas
303 1838 426 1898 imitatur
446 1839 528 1898 ianua
551 1847 662 1916 portas.

12 1922 63 1980 Scit
86 1921 158 1981 dare
181 1921 303 1982 libertos
328 1931 457 1981 extrema
478 1923 507 1980 in
529 1931 611 2001 parte
632 1921 771 1981 sedentes

12 2001 118 2065 Drdinis
138 2013 167 2064 et
191 2023 309 2082 magnas
331 2007 464 2070 comitum
486 2006 644 2084 disponere
670 2021 776 2072 voces;

12 2085 95 2148 Nemo
119 2087 199 2148 dabit
220 2107 339 2166 regum,
363 2091 458 2168 quanti
482 2088 622 2149 subsellia
645 2090 787 2164 constant,

12 2169 43 2229 Et
66 2189 139 2250 qnae
162 2171 307 2232 conducto
331 2175 458 2251 pendent
480 2172 637 2234 anabathra
659 2171 766 2249 tigillo,

12 2253 147 2333 Quaeque
165 2256 352 2334 reportandis
374 2259 469 2335 posita
492 2267 537 2317 est
559 2256 711 2316 orchestra
733 2254 888 2316 cathedris.

12 2335 67 2397 llos
85 2348 181 2400 tamen
204 2339 262 2400 hoc
284 2342 394 2418 agimus
415 2342 551 2418 tenuique
573 2343 602 2399 in
623 2339 744 2419 pulvere
771 2339 869 2400 sulcos

12 2419 141 2482 Ducimns
162 2432 192 2483 et
213 2423 281 2483 litus
303 2424 395 2484 sterili
416 2442 567 2484 versamus
591 2434 697 2484 aratro.

12 2503 122 2566 Nomai
144 2506 297 2583 discedas,
322 2508 427 2586 laqueo
450 2516 531 2568 tenet
553 2508 695 2568 ambitiosi

12 2585 194 2650 Consuetudo
216 2590 283 2650 mali
291 2614 297 2659 ;
322 2601 402 2651 tenet
423 2590 582 2652 insanabile
602 2591 708 2652 multos

12 2672 156 2734 Scribendi
180 2675 339 2734 cacoethes
363 2684 392 2734 et
411 2693 503 2752 aegro
524 2677 552 2734 in
575 2675 665 2736 corde
685 2675 824 2734 senescit.

12 2756 65 2816 Sed
86 2767 182 2818 vatem
204 2760 371 2836 egregium,
395 2760 441 2818 oni
463 2777 521 2819 non
544 2760 579 2818 sit
601 2757 717 2837 publica
739 2774 823 2832 vena,

12 2836 64 2910 Qui
84 2841 151 2900 nihil
176 2843 341 2920 expositum
365 2842 461 2902 soleat
482 2842 647 2918 deducere,
670 2859 726 2900 nec
747 2841 795 2919 qni

13 2919 155 2984 Communi
173 2925 259 2986 leniat
282 2943 398 2986 carmen
420 2926 534 2986 triviale
552 2934 678 3001 moneta,

12 3001 103 3083 llnnc,
126 3008 241 3088 qualern
263 3026 380 3087 nequeo
402 3019 563 3070 monstrare
588 3019 616 3069 et
637 3009 731 3070 sentio
754 3016 871 3083 tantum,

14 3085 159 3152 Anxietate
184 3111 288 3154 careus
313 3095 422 3156 animus
441 3094 525 3171 iacit,
549 3094 642 3154 omnis
664 3090 763 3152 acerbi

15 3176 176 3253 rropatiens,
201 3179 323 3257 cupidus
346 3178 485 3239 siluarum
506 3187 648 3258 aptusque
671 3175 805 3237 bibendis

14 3253 144 3320 Fontibus
165 3261 320 3321 Aonidum.
365 3261 469 3341 Neque
492 3264 566 3321 enim
590 3271 706 3322 cantare
727 3261 780 3320 snb
804 3266 886 3318 antro

16 3337 105 3400 Pierio
124 3343 309 3420 thyrsumque
331 3351 430 3421 potest
451 3346 621 3422 contingere
643 3353 754 3407 maesta

17 3419 163 3500 Paupertas
183 3437 272 3506 atque
293 3429 370 3487 aeris
388 3428 488 3506 inops,
513 3445 570 3507 qno
593 3437 679 3487 nocte
700 3429 806 3506 dieque
861 3447 876 3474 ο

19 3499 123 3584 Corpus
145 3520 229 3588 eget:
255 3521 334 3572 satur
355 3522 414 3590 est,
436 3529 522 3591 qnnm
544 3511 611 3572 dicit
631 3510 767 3571 Horatius
790 3509 899 3584 enh-oei
