2438 3994
396 299 519 346 sertum
544 300 603 346 vt1.

15 439 157 498 lautorum
179 453 304 516 pueros:
327 447 418 497 artem
440 437 557 498 scindes
579 436 737 498 l'heodori.

15 522 111 581 lnlnea
137 521 284 580 sescentis
307 528 336 579 et
357 520 448 598 pluris
470 522 611 599 porticus,
634 523 663 580 in
685 539 741 599 qua

15 604 141 665 lactetur
163 604 311 679 dominun,
333 605 448 682 quoties
470 602 556 682 pluit:
576 623 650 664 anne
671 623 806 665 aerenum

15 687 168 766 inspectet
189 695 366 765 spargatque
390 687 450 746 luto
473 689 597 748 iumenta
617 686 751 748 recenti?
941 698 991 752 180

15 769 56 829 lio
77 771 192 848 potine,
214 787 337 849 namque
360 769 407 829 hio
428 770 550 831 mundae
568 772 640 831 nitet
661 772 768 849 ungula
789 772 893 832 mulae.

15 855 86 913 .’arte
108 853 166 914 alia
189 853 285 930 longis
305 852 489 913 Numidarum
510 853 581 915 fulta
604 855 743 915 columnis

15 939 110 1014 lurgat
132 945 161 995 et
181 935 326 1014 algentem
348 939 441 1015 rapiat
456 939 590 998 coenatio
610 938 713 998 solem.

15 1020 233 1096 luanticumqne
257 1018 376 1094 domus,
397 1023 496 1080 veniet
518 1023 566 1098 qui
588 1021 699 1082 fercula
719 1021 805 1081 docte
909 1075 910 1078 ,

15 1101 181 1181 lomponat3
204 1103 303 1162 veniet
322 1105 371 1183 qui
393 1103 582 1181 pulmentaria
606 1105 712 1166 condit.
941 1113 992 1168 185

15 1185 61 1244 los
84 1189 162 1246 inter
182 1195 312 1264 sumptus
333 1188 468 1247 sestertia
490 1186 677 1264 Quintiliano,

15 1270 39 1330 Jt
59 1269 196 1344 multum,
219 1269 275 1329 duo
298 1269 457 1330 sufficient:
478 1289 527 1329 res
548 1271 627 1332 nulla
648 1273 765 1332 minoris

15 1351 159 1413 lonstabit
180 1355 269 1432 patri,
293 1371 377 1432 quam
399 1354 611 1426 filiun-Unde
632 1356 719 1432 igitur
740 1363 783 1414 tot

14 1436 196 1509 Quintilianus
219 1435 308 1496 hahet
329 1434 444 1497 saltus?
460 1471 504 1482 -
516 1436 660 1515 Exempla
679 1453 819 1497 novorum

15 1519 140 1581 latorum
159 1521 264 1580 transi:
287 1520 360 1579 felix
381 1529 411 1579 et
432 1519 554 1597 pulcher
577 1529 606 1580 et
627 1538 713 1596 acer,
942 1530 992 1582 190

15 1601 85 1664 lelix
110 1612 140 1662 et
160 1604 277 1681 capiens
298 1611 328 1662 et
350 1603 456 1663 nobilis
476 1611 506 1662 et
527 1622 701 1681 generosus,

15 1687 176 1766 hppositam
198 1688 298 1764 nigrae
319 1687 413 1747 lunam
434 1685 560 1746 subtexit
584 1687 695 1755 alutae;

15 1769 85 1830 lelix
108 1778 209 1830 orator
231 1787 347 1850 quoque
369 1770 508 1830 maximus
532 1780 561 1830 et
581 1770 735 1852 iaculator3

15 1853 56 1929 llt,
78 1856 104 1913 si
128 1853 278 1931 perfrixit,
298 1862 394 1914 cantat
415 1853 501 1914 bene.
543 1853 638 1914 Distat
661 1856 753 1931 eninr,
777 1872 851 1932 quae

15 1937 106 1998 Sidera
129 1946 161 1996 te
182 1938 328 2015 excipiant
349 1937 436 1996 modo
456 1938 566 2016 primos
587 1939 772 2017 incipientem
941 1945 991 1999 195

15 2017 100 2081 idere
121 2021 237 2098 vagitus
260 2030 290 2080 et
310 2021 405 2080 adhuc
425 2039 441 2080 a
462 2029 553 2080 matre
576 2021 736 2081 rubentem.

15 2104 173 2166 liFortuna
195 2102 291 2179 volet,
316 2103 369 2164 lies
392 2105 428 2164 de
449 2104 567 2164 rhetore
589 2105 727 2170 consuli

15 2187 35 2246 li
55 2189 138 2248 volet
159 2186 234 2247 haec
256 2187 376 2261 eadem,
399 2187 452 2247 lies
475 2188 512 2248 de
534 2188 655 2248 consule
676 2186 786 2248 rhetor.

15 2267 156 2331 Ventidius
180 2269 247 2349 quid
271 2268 364 2330 eninr?
386 2271 455 2350 quid
477 2269 609 2332 Tullius?
631 2289 704 2332 anne
729 2271 806 2331 aliud
835 2287 919 2350 quarn

15 2353 88 2413 Sidus
114 2364 145 2414 et
168 2353 277 2413 occulti
299 2355 425 2414 miranda
448 2357 578 2433 potentia
598 2352 670 2416 iuti?
940 2361 992 2414 200

15 2437 103 2497 Servis
123 2455 216 2514 regua
238 2437 360 2513 dabunt,
384 2440 505 2517 captivis
525 2439 583 2500 lata
603 2438 785 2517 triumphum.

15 2517 86 2580 Felix
103 2522 157 2582 ille
174 2531 271 2581 tamon
293 2538 382 2581 corvo
405 2539 522 2600 quoqne
534 2524 638 2582 'rarior
660 2522 737 2582 albo.

15 2601 148 2664 Paenituit
169 2604 275 2664 multos
296 2623 388 2665 vanae
411 2605 577 2683 sterilisque
601 2605 768 2679 cathedrae,

15 2687 84 2748 licut
105 2687 315 2763 Thrasymachi
336 2687 442 2766 prohat
461 2691 555 2748 exitus
575 2698 661 2768 atque
685 2686 811 2747 Secundi

15 2765 180 2831 Carrinatis:
199 2780 229 2830 et
250 2770 325 2831 hunc
345 2774 461 2850 inopem
482 2771 610 2847 vidistis,
633 2770 777 2844 Athenae,
940 2778 992 2830 205

15 2849 50 2911 tu
69 2863 193 2932 praeter
213 2853 328 2930 gelidas
350 2873 438 2916 ausae
459 2855 594 2915 conferre
618 2856 737 2914 cicutas.

15 2933 56 3010 lli,
78 2939 220 2998 maiorum
242 2936 349 2997 umbris
368 2946 483 2998 tenuem
505 2949 533 2999 et
554 2941 616 2998 sine
639 2937 770 3016 pondere
788 2945 912 3009 terram,

15 3017 215 3098 spirantesque
239 3037 344 3081 crocos
367 3031 397 3082 et
417 3025 446 3082 in
464 3041 534 3082 urna
556 3030 728 3101 perpetuum
748 3037 816 3094 ver,

15 3099 60 3171 our
81 3113 309 3182 praeceptorem
332 3107 423 3165 sancti
445 3106 568 3165 voluere
590 3106 718 3184 parentis

15 3177 79 3246 Esse
101 3187 187 3247 loco!
208 3187 342 3248 lletuena
360 3190 462 3267 virgae
484 3190 539 3249 iam
559 3188 676 3266 grandis
697 3186 830 3246 Achilles
879 3235 883 3242 .
940 3195 993 3246 210

15 3264 148 3331 ductabat
169 3272 271 3349 patriis
291 3274 320 3331 in
340 3272 484 3332 montibus
516 3279 546 3330 et
573 3273 619 3332 cui
639 3288 697 3331 non
716 3279 783 3330 tunc

15 3345 137 3414 Eliceret
156 3357 246 3414 risum
268 3355 429 3416 citharoedi
451 3356 542 3416 cauda
564 3356 708 3432 magistri:

15 3433 65 3496 Sed
87 3437 192 3498 linium
215 3446 302 3517 etque
324 3440 398 3500 alios
419 3437 513 3500 caedit
535 3458 585 3499 sua
603 3456 747 3516 quemque
768 3439 911 3512 iuventus,

15 3513 128 3596 Rufum,
153 3540 239 3600 quem
263 3524 351 3583 toties
375 3521 548 3583 Ciceronem
570 3522 733 3598 Allobroga
741 3520 833 3664 4rlqrrit.
