2444 3984
439 267 647 316 PRAEFATIO.
975 273 1036 322 x1n

43 420 82 476 29
91 417 206 484 -57);
222 413 308 470 deinde
324 414 379 485 quia
391 413 562 468 Graeculorum
574 413 721 486 aliorumque
736 414 891 472 barbarorum
908 419 958 473 sola
975 420 1037 490 apud

44 505 167 570 potentes
177 504 249 571 atque
259 497 387 568 opulentos
399 497 509 552 homines
524 497 652 552 auctoritas
661 504 748 569 regnet
759 500 794 566 (v.
807 505 974 572 58-125);
985 512 1037 559 tum

47 585 108 654 quia
119 583 159 638 uel
171 582 233 637 inter
243 582 308 637 cives
319 581 398 636 omnia
408 581 543 636 diuitiarum
554 587 578 635 et
587 583 703 650 pecuniae
719 597 831 638 mensura
842 593 983 642 censeantur
993 603 1038 642 nec

47 667 155 737 pauperi
171 681 272 737 usquam
287 671 329 721 aut
350 666 419 721 locus
437 671 478 720 aut
494 663 553 720 fides
571 671 665 719 constet
683 666 719 731 (u.
734 669 829 724 126-
840 671 919 737 189);
936 670 1038 742 denique

48 751 108 822 quia
121 765 155 805 ne
165 750 214 805 rita
224 750 321 820 quidem
332 757 373 805 aut
383 749 493 804 valetudo
504 749 634 803 innumeris
642 749 753 818 periculis
764 757 840 816 uacet,
850 768 952 822 quorum
963 769 1037 825 quum

47 835 167 904 princeps
178 835 202 889 in
214 834 289 889 ruinis
300 840 371 906 atque
388 833 503 888 incendiis
514 831 676 888 aedificiorum
687 841 797 889 cernatur
809 835 844 901 (u.
857 839 908 893 190
917 864 950 875 -
963 843 1035 906 202),
1073 887 1078 894 ,

49 925 127 988 poeta
138 917 187 973 hoc
201 933 297 990 quoque
314 919 339 972 iu
355 932 445 990 genere
456 916 599 972 deteriorem
615 932 746 988 paupemm
759 918 922 974 conditionem
937 921 972 987 (r.
985 927 1037 980 203

49 1003 165 1070 -222)
176 1002 374 1072 municipalisque
386 1001 530 1073 frugalitatis
540 1003 709 1071 praestantiam
718 1003 791 1058 iactat
804 1002 840 1070 (r.
855 1007 907 1060 223
917 1031 952 1042 -
961 1007 1035 1073 231),

48 1085 111 1140 hinc
125 1101 184 1140 vero
196 1085 225 1140 ad
237 1084 320 1139 urbem
343 1099 452 1140 reuersus
469 1086 560 1140 viauum
577 1086 704 1155 strepitum
719 1087 891 1158 angustiasque
907 1088 1036 1144 laborantis

51 1169 140 1224 turbae
152 1167 190 1236 (u.
200 1171 251 1226 232
261 1197 296 1208 -
304 1172 379 1237 253),
390 1169 465 1224 immo
476 1176 502 1223 et
511 1169 614 1224 uestium
625 1175 650 1224 et
659 1170 823 1226 membrorum
831 1171 969 1228 discrimina
980 1189 1036 1228 cum

50 1253 180 1308 bominum
198 1269 227 1308 ac
237 1253 397 1323 plaustrorum
412 1269 531 1308 concursu
542 1253 669 1310 coniuncta
685 1254 800 1326 graphice
811 1254 925 1311 describit
936 1258 973 1325 (v.
984 1261 1035 1312 251
1108 1255 1111 1264 “

52 1367 92 1377 —
100 1338 167 1405 257)
186 1353 231 1392 nec
242 1337 333 1392 minora
343 1337 422 1392 noctis
432 1337 538 1408 pericula
550 1338 587 1392 vel
599 1353 612 1392 a
622 1352 734 1393 vasorum
745 1355 801 1394 casu
813 1341 847 1408 (v.
861 1343 1034 1408 268-277)

53 1421 89 1475 vel
102 1421 133 1476 ab
140 1421 261 1476 ebriorum
272 1421 446 1491 petulantia(v.
454 1422 656 1489 278-301)111
668 1437 681 1476 a
691 1429 855 1494 grassatorum
866 1423 956 1494 impetu
967 1439 1035 1494 repe·

53 1506 83 1559 tit
94 1505 131 1573 (r.
144 1507 303 1574 302-314)
313 1525 320 1568 ;
332 1521 416 1560 omnes
427 1512 508 1561 autem
523 1511 602 1575 partes
612 1511 649 1561 tot
659 1507 809 1578 singularum
819 1507 953 1578 imaginum
964 1508 1035 1563 lumi·

52 1587 123 1642 nibus
134 1589 322 1662 facetiarumquc
339 1590 427 1644 aculeis
438 1590 559 1654 distinxit,
572 1597 599 1644 ut
614 1589 674 1645 baec
683 1591 754 1645 satira
772 1590 841 1646 facile
859 1591 963 1660 palmam
973 1593 1034 1646 inter

54 1673 156 1743 reiquae
168 1673 269 1728 auferat.
298 1672 401 1740 Quartae
412 1675 584 1738 oeconomiam,
598 1688 658 1745 quae
672 1675 749 1745 primo
760 1681 859 1744 aspectu
870 1675 1034 1731 inconcinnius

52 1756 126 1811 rideri
142 1757 233 1826 possit,
249 1758 310 1812 scite
321 1758 427 1814 defendit
437 1756 626 1830 Nigelsbachius
636 1759 659 1814 iu
671 1757 756 1814 Philol.
769 1759 796 1814 T.
808 1759 854 1823 111,
867 1775 891 1830 p.
903 1762 1033 1832 4691111

53 1840 121 1894 curius
132 1856 207 1911 quum
217 1841 283 1910 prior
292 1856 346 1911 pars
359 1844 393 1910 (u.
405 1844 512 1910 1-33)
523 1843 547 1897 in
555 1842 657 1914 Crispini
668 1843 714 1898 iam
725 1842 775 1899 Sat.
789 1842 805 1898 l.
818 1845 946 1910 27111311,
961 1846 1033 1899 altera

54 1924 162 1993 inipsius
174 1923 304 1980 Domitiani
315 1926 498 1996 reprehensione
508 1933 629 1995 versetur,
644 1927 710 1982 illam
728 1928 855 1982 commode
871 1943 927 1982 cum
938 1930 1032 1998 praefa-

57 2007 158 2062 tionibus
177 2009 228 2063 sive
248 2011 408 2077 corrobare
430 2011 619 2081 comparaveris,
645 2011 731 2081 quibus
747 2011 880 2065 recitantes
897 2011 935 2064 vel
953 2011 1032 2066 decla-

55 2097 144 2146 mantes
154 2092 291 2148 auditorum
302 2095 393 2149 animos
408 2095 437 2150 ad
448 2095 554 2164 ipsomm
566 2101 705 2164 poematum
715 2095 879 2149 orationumve
890 2103 1031 2166 argumenta

54 2189 192 2246 praeparare
202 2176 327 2240 solebant:
351 2179 396 2233 nisi
408 2179 472 2251 quod
488 2193 553 2233 nunc
563 2184 634 2249 poeta
646 2177 738 2234 Musam
751 2184 807 2248 post
819 2177 990 2248 praefationem
1002 2179 1031 2233 ad

55 2259 178 2314 dicendum
190 2267 357 2332 assurgentem
369 2262 493 2318 considere
507 2261 581 2326 iubet,
596 2262 708 2333 quianon
719 2261 799 2318 fabula
809 2261 851 2316 sed
862 2277 901 2318 res
911 2276 966 2316 uera
977 2277 1032 2316 nar·

52 2349 116 2398 retur
128 2342 164 2410 (u.
176 2346 256 2400 34—
266 2349 323 2415 36).
348 2345 414 2401 llaec
423 2353 504 2402 autem
515 2348 539 2402 in
550 2347 639 2402 Albana
649 2346 780 2403 Domitiani
792 2361 847 2401 arce
862 2347 949 2420 agtur,
963 2348 1032 2401 cuius

51 2442 125 2497 nuper
136 2427 247 2500 reliquias
258 2429 359 2484 feliciter
370 2431 503 2500 repperisse
513 2431 614 2487 traditur
624 2429 689 2487 Rosa
700 2431 844 2486 architectus
854 2429 928 2486 Italus
939 2431 963 2485 iu
973 2429 1032 2485 Ger·

52 2509 115 2568 bard.
130 2509 191 2581 liph.
205 2511 321 2570 arebaeol.
343 2517 422 2578 1852,
436 2530 459 2584 p.
472 2518 522 2572 241
541 2521 566 2569 et
582 2515 645 2572 Bull.
660 2515 713 2571 dell'
726 2515 802 2571 lustit
814 2514 878 2569 areb.
892 2515 966 2579 1853,
979 2530 1003 2584 p.
1014 2519 1033 2572 3

53 2609 116 2665 sqq.;
132 2594 174 2650 ubi
186 2612 259 2666 quum
274 2597 379 2666 piscator
394 2599 557 2654 anconitanus
574 2614 640 2654 rarae
657 2599 829 2670 magnitudinis
846 2598 972 2652 rhombum
985 2598 1031 2651 im·

55 2678 153 2746 peratori
164 2679 228 2735 douo
240 2681 367 2736 obtulisset
378 2681 414 2750 (r.
423 2685 456 2738 37
468 2710 503 2720 -
514 2683 570 2751 71),
580 2683 621 2737 111
632 2681 778 2752 reipublicae
793 2695 905 2750 proceres
916 2681 1032 2752 aulaeque

54 2761 168 2831 principes
181 2764 206 2817 in
223 2765 349 2819 consilium
362 2766 486 2821 advocarit
496 2766 674 2830 deliberaturos,
693 2767 756 2836 quali
767 2765 846 2835 patina
858 2765 949 2836 piscem
960 2765 1031 2836 coqui

53 2852 171 2916 oporteret
189 2848 224 2916 (v.
243 2851 404 2919 72-149),
416 2850 535 2921 huiusque
553 2850 646 2905 consilii
661 2849 742 2920 specie
758 2848 875 2903 luvenalis
893 2849 958 2919 ipsos
976 2848 1030 2902 illos

51 2928 157 2984 homines
174 2933 316 2988 nominatim
334 2933 486 3006 depingendo
497 2935 535 2990 uel
547 2933 709 2990 futilissimum
730 2938 899 3004 argumentum
916 2931 1031 3001 praeclari

53 3013 140 3088 ingenii
154 3015 244 3070 ulrtute
262 3017 512 3086 insplendidissimam
528 3024 664 3090 temporum
686 3017 817 3090 imaginem
836 3016 943 3072 converti
961 3029 1033 3086 posse

53 3096 160 3154 ostendit.
194 3097 297 3165 Quiruee
313 3101 400 3156 satirae
416 3102 579 3173 principaliter
594 3101 643 3157 boc
659 3103 809 3173 propositum
827 3108 876 3166 ert,
895 3107 923 3155 ut
934 3099 1032 3171 ancipiti

55 3194 168 3246 camum,-
176 3183 241 3253 quali
251 3184 393 3256 plerumque
405 3186 522 3241 luvenalis
533 3187 615 3250 utitur,
628 3187 797 3256 opulentomm
807 3184 933 3240 bominum
948 3185 1032 3240 sordes
1103 3183 1104 3188 ’

55 3269 77 3317 et
87 3264 199 3321 clientum
209 3267 326 3324 vilitatem
335 3274 407 3335 taxet,
421 3270 461 3340 qui
472 3285 547 3340 quum
558 3270 588 3325 ab
599 3271 646 3325 illis
656 3270 793 3326 adcoeuam
805 3269 903 3324 adhibiti
914 3268 1032 3340 indignis·

55 3347 108 3402 sima
120 3349 287 3421 inaequalitate
297 3358 442 3419 tractentur,
459 3360 539 3409 tamen
560 3360 584 3409 et
595 3353 638 3409 has
651 3354 749 3409 iniurias
765 3360 790 3408 et
805 3353 895 3424 reliqua
908 3352 1033 3406 clientelae

57 3429 200 3488 mcomnmda
214 3435 289 3506 ipsius
300 3451 390 3492 coenae
400 3438 506 3508 quamuis
516 3452 583 3492 rarae
593 3453 637 3509 spe
648 3439 729 3508 aequis
741 3437 826 3492 animis
837 3436 928 3495 ferant:
947 3435 1031 3488 eadem

60 3516 149 3571 rmouel
163 3533 224 3573 care
231 3520 378 3592 antiquitatis
385 3521 520 3577 studiosum
532 3522 647 3586 aduertit.
661 3522 716 3593 quia
725 3521 812 3574 ueteris
822 3533 912 3574 coenae
922 3517 1030 3571 ordinem

59 3596 160 3671 legitimo
170 3601 275 3659 decursu
290 3605 398 3678 sequitur
413 3605 612 3678 singulommque
629 3603 774 3660 ferculorum
791 3601 857 3658 uelut
867 3606 935 3656 actus
944 3603 1031 3670 poetae
