2444 3984
448 289 656 338 Pnamnaulo.
993 295 1040 343 XV

55 467 97 477 -
105 436 189 503 300),
206 446 307 503 eamque
316 446 360 502 per
370 426 504 486 'nocturnas
515 433 696 489 comissationes
712 435 748 501 (v.
760 439 811 492 301
823 463 859 476 -
867 440 932 506 313)
944 438 1041 493 clande-

53 520 224 588 stinorumque
246 516 392 588 religionum
408 517 547 586 spurcitiem
574 518 616 583 (1.
628 519 819 588 ert—351),
837 536 880 590 per
897 522 1040 578 immodicos

53 608 171 673 sumptus
182 601 226 666 (1.
238 595 336 657 351-
344 600 430 667 365),
442 605 525 670 turpes
535 615 629 655 amores
641 602 677 667 (1.
685 604 737 660 366
745 629 781 642 -
791 606 865 671 397),
878 608 1037 676 arrogantiam

54 685 274 752 (1.398-411),
286 683 432 738 iracundiam
441 683 476 751 (1.
484 687 644 754 als-418)
656 685 815 757 stolidamque
825 687 862 741 111
874 689 1038 760 gymnasticae

55 769 282 836 (1.419-133)
300 767 338 822 111
352 768 523 838 grammaticae
537 768 676 823 emditicuis
688 771 872 825 ostentationem
890 773 927 838 (1.
939 775 1035 830 434—

55 855 125 919 456)
138 852 167 906 ad
179 852 325 907 domesticae
336 851 457 906 foeditatis
467 866 552 906 arcana
562 853 712 923 persequitur
729 853 764 920 (1.
777 856 1038 925 111-11311111

55 938 107 991 iam
118 943 201 1008 quarta
210 935 296 990 satirae
312 950 367 1005 pars
379 935 486 1004 profecta
498 940 523 989 et
539 937 700 1007 quotidianam
710 944 814 992 matram
825 939 926 994 familias
935 940 1038 995 cmdeli·

55 1026 133 1075 tatem
146 1019 181 1087 (1.
192 1021 287 1076 114-
296 1021 361 1088 507)
372 1025 398 1073 11
407 1019 522 1075 nefandas
537 1020 718 1089 superstitiones
731 1021 821 1092 aperit,
833 1022 920 1094 quibus
929 1039 1038 1079 summae

55 1105 147 1174 pariter
158 1110 229 1174 atque
240 1103 335 1158 infimae
345 1103 490 1159 conditionis
500 1103 612 1159 mulieres
623 1119 721 1175 operam
737 1105 842 1172 11111(1.
856 1109 1036 1177 508-591),

54 1189 100 1243 nisr
113 1188 180 1260 quod
188 1186 234 1242 hae
244 1187 329 1242 saltem
340 1186 422 1243 liberis
432 1187 587 1258 procreandis
594 1187 675 1243 officio
686 1203 759 1244 sexus
769 1197 888 1253 constent,
903 1191 958 1246 illae
968 1191 1037 1246 abor-

55 1272 133 1338 tibus,
156 1271 334 1342 suppositione,
346 1271 460 1327 caedibus
476 1271 514 1326 vel
530 1271 623 1344 tragica
639 1272 747 1344 exempla
763 1281 877 1344 superent
888 1274 924 1342 (1.
938 1279 1036 1333 592—-

55 1356 131 1423 681).
165 1354 316 1426 Quamquam
331 1355 415 1425 paucis
432 1356 471 1411 his
495 1356 564 1411 lineis
581 1355 701 1410 uberrima
718 1357 907 1428 eloquentissimi
925 1359 1036 1413 carminis

55 1440 138 1510 imago
155 1453 203 1493 noo
221 1437 363 1505 absolutum
380 1440 404 1494 id
421 1440 500 1510 ipsum
512 1449 590 1494 tamen
601 1455 676 1510 quum
688 1455 764 1510 nuper
773 1441 879 1513 eleganti
896 1442 1035 1511 interpreta-

54 1524 120 1578 tione
130 1522 298 1577 illustrandum
311 1522 357 1576 sibi
368 1525 520 1593 proposuerit
530 1523 683 1578 muliebrium
699 1531 847 1579 secretorum
859 1525 1035 1594 experientissi-

53 1623 108 1662 mus
124 1607 220 1678 collega
231 1604 356 1661 Eduardus
372 1606 403 1661 de
413 1606 526 1674 Siebold‚
546 1608 576 1663 ad
588 1607 660 1662 huius
671 1609 870 1664 commentarium
886 1607 1035 1681 Brunsvigae

54 1693 123 1749 1854
142 1691 234 1745 editum
244 1689 374 1745 lectoribus
391 1692 497 1746 remissis
508 1691 572 1747 tertii
582 1691 637 1746 libri
653 1691 738 1747 satiras
748 1699 775 1747 ut
786 1692 877 1748 ambitu
888 1692 992 1748 minores
1002 1693 1035 1748 ita

52 1775 82 1828 ad
94 1773 341 1829 circumscribendum
357 1775 518 1844 expeditiores
536 1777 692 1831 inveniemus.
721 1776 814 1847 Nempe
830 1776 930 1848 septima
943 1777 1035 1832 studio-

52 1873 106 1912 rum
124 1865 229 1928 etspem
247 1864 272 1911 et
289 1858 407 1912 rationem
418 1874 514 1915 omnem
532 1861 557 1914 in
568 1860 621 1915 solo
640 1860 783 1931 imperatore
793 1861 896 1930 positam
914 1862 1026 1932 agnoscit

54 1957 125 2012 quem
140 1941 269 1996 Traianum
284 1940 421 1997 habendum
440 1959 494 1998 1111
511 1945 535 1998 iu
551 1943 663 2000 Prooem.
674 1944 729 1998 lect.
742 1943 807 2000 Gott.
825 1947 893 2002 1343
910 1945 995 2008 certis,
1007 1951 1032 1998 ut

53 2025 205 2089 mibivideor,
219 2026 369 2098 argumentis
380 2027 452 2089 erici;
463 2027 535 2083 huius
546 2035 626 2082 autem
637 2028 753 2082 honorem
761 2028 866 2097 praefata
878 2028 915 2094 (v.
926 2029 1032 2095 1—21)

52 2109 116 2178 apud
127 2103 233 2181 reliquos
245 2109 356 2180 aequales
366 2111 431 2165 nulla
442 2111 518 2166 literis
526 2113 632 2181 praemia
642 2117 685 2165 aut
692 2111 809 2182 praesidia
820 2117 901 2181 parata
912 2125 965 2164 esse
975 2125 1032 2180 que·

52 2191 281 2264 riturmiseramque
298 2192 446 2248 eruditorum
456 2195 618 2250 concitionem
634 2210 678 2266 per
691 2195 796 2265 quinque
807 2209 897 2266 genera
908 2201 1033 2264 poetarum

53 2275 89 2341 (1.
100 2279 250 2346 21-97),
268 2275 438 2332 historiconrm
452 2279 489 2347 (1.
500 2283 535 2338 98
548 2281 668 2348 -105),
690 2278 865 2333 causidicorum
882 2277 919 2344 (1.
933 2282 1032 2335 106-

50 2362 129 2434 149),
146 2359 272 2420 rhetorum
283 2363 319 2430 (v.
333 2368 385 2420 150
396 2392 432 2403 -
441 2366 521 2434 214),
534 2363 748 2434 grammaticorum
770 2361 806 2429 (1.
818 2366 870 2420 215
878 2390 915 2401 -
923 2364 988 2431 243)
1000 2361 1033 2416 ita

50 2449 176 2516 describit,
195 2455 223 2503 ut
233 2463 290 2503 cum
300 2447 471 2519 opulentorum
488 2447 598 2503 sordibus
608 2447 680 2502 simul
697 2453 777 2500 tameo
789 2446 866 2516 ipsam
876 2447 978 2501 istomm
988 2444 1032 2500 ho-

51 2534 141 2588 minum
151 2533 282 2588 uanitatem
292 2532 322 2587 ad
333 2532 394 2586 lucri
405 2533 540 2602 cupidinem
548 2532 707 2601 compositam
717 2531 794 2586 rideat
800 2545 877 2602 ecque
888 2531 952 2586 facto
964 2530 1033 2584 fune

52 2623 111 2670 stam
127 2618 245 2688 pecuniae
256 2617 305 2671 vim
323 2616 348 2670 iu
358 2614 406 2671 hoc
416 2631 511 2687 quoque
521 2630 611 2687 genere
624 2615 722 2686 ancipiti
733 2630 833 2669 censura
843 2620 919 2668 notet.
949 2613 1033 2683 Neque

54 2706 148 2756 1111111
161 2701 242 2755 minus
252 2699 375 2754 luculenta
386 2700 515 2770 descriptio
526 2706 577 2762 est;
590 2700 659 2755 cuius
669 2713 744 2770 quum
754 2698 892 2752 urriversum
903 2710 1032 2768 argumen-

52 2789 103 2837 tum
114 2785 235 2840 iustolida
244 2784 376 2838 nobilitatis
392 2785 529 2856 arrogantia
542 2790 662 2850 versabar,
674 2782 739 2838 unde
750 2780 876 2836 Ponticum
893 2781 1032 2835 adolescen-

51 2877 98 2921 tem
107 2869 136 2923 ad
146 2869 243 2923 virtutis
254 2868 330 2922 avitae
340 2868 499 2923 imitationem
510 2867 635 2922 traducere
641 2867 729 2929 studet,
741 2865 845 2934 primum
852 2864 969 2918 maiorum
980 2863 1031 2917 lau-

50 2952 117 3016 dem,
136 2953 184 3007 nisi
198 2959 353 3022 posterorum
369 2953 460 3007 meritis
477 2959 605 3023 aequetur,
625 2951 663 3005 his
680 2951 739 3020 ipsis
755 2948 852 3005 officere
869 2947 948 3018 magis
959 2961 1031 3017 quam

50 3035 162 3104 prodesse
172 3037 279 3091 ostendit
291 3035 328 3103 (1.
342 3043 354 3093 1
366 3064 403 3075 -
413 3039 475 3105 70);
490 3036 576 3091 deinde
586 3034 660 3090 nobili
671 3034 830 3096 adolescenti,
849 3032 890 3104 qui
901 3029 1031 3086 maioribus

50 3119 136 3190 dignus
146 3119 200 3174 lieri
216 3121 310 3190 cupiat,
330 3136 404 3191 quum
416 3121 461 3176 alia
473 3125 600 3190 praecepta
615 3127 668 3174 tum
677 3118 814 3188 provinciae
824 3123 890 3172 recte
901 3121 926 3170 et
936 3116 1031 3186 integre

49 3203 248 3290 administmndqe
264 3204 333 3276 leges
350 3205 392 3258 dat
408 3204 444 3271 (1.
457 3205 489 3259 71
500 3232 536 3243 -
547 3205 625 3272 141);
637 3203 694 3257 binc
705 3202 735 3257 ad
745 3202 836 3273 reliqua
845 3201 963 3256 nobilium
974 3200 1029 3254 vitia

50 3293 196 3359 transgressa
213 3288 454 3359 generosissimarum
480 3287 623 3342 familiarum
645 3286 732 3357 probra
749 3285 893 3357 turpissimis
910 3283 1028 3350 Laterani,

49 3369 192 3442 Damasippi,
206 3371 309 3427 Gracchi
319 3372 442 3444 ipsiusque
449 3372 553 3427 Neronis
563 3371 679 3442 exemplis
688 3371 801 3441 proponit
807 3371 844 3437 (1.
854 3369 1029 3435 lta-asom

49 3461 168 3520 postremo
178 3462 207 3510 ut
217 3457 332 3510 uirtutem
347 3456 424 3512 sclam
435 3463 507 3527 atque
517 3456 612 3510 unicam
622 3453 772 3510 nobilitatem
784 3469 837 3508 esse
847 3452 917 3522 plene
928 3452 1028 3506 demon-

49 3541 117 3606 stret,
136 3547 274 3610 comparata
286 3539 403 3596 nobilium
421 3539 612 3613 ignobiliumque
628 3538 754 3594 hominum
766 3538 881 3592 memoria
892 3541 930 3590 tot
939 3533 1026 3588 homm

49 3617 160 3677 benelcia
171 3631 232 3695 quot
242 3625 339 3681 illomm
347 3625 441 3698 flagitia
453 3631 563 3681 constare
573 3624 645 3680 docet
658 3621 1025 3689 (1.131-168),1111111111
