2444 3984
222 243 263 306 32
294 293 296 299 ,
565 256 600 301 n.
625 253 696 300 run.
721 253 908 301 munerans

222 398 292 460 lnde
312 396 394 457 iaces
413 395 530 470 ardent,
551 393 669 454 veniunt
686 411 701 453 a
722 392 789 452 dote
814 392 948 469 sagittae.

221 481 352 542 Libertas
377 479 494 538 emitur:
518 494 615 538 coram
637 477 706 536 licet
718 477 816 536 innuat
839 485 927 555 atque
1161 490 1200 545 nno

222 564 392 638 Rescribat,
415 562 502 624 vidua
523 569 586 636 est,
610 559 744 639 locuples
767 576 841 639 quae
865 562 963 640 nupsit
985 579 1083 622 avaro.

224 648 282 709 Gur
306 647 453 707 desiderio
474 644 595 704 bibulae
618 644 764 704 Sertorius
790 641 894 703 ardet?

222 733 253 794 Si
276 749 378 791 rerum
401 729 548 805 excutias,
572 729 682 804 facies,
707 744 765 787 non
787 743 861 787 uxor
883 738 1001 789 amatur.

222 817 296 877 l'res
320 832 410 891 rugae
435 812 572 887 subeant,
597 819 626 870 et
648 830 681 870 se
706 812 779 871 cutis
800 812 880 872 arida
903 812 992 890 laxet,

222 900 306 961 Fiant
328 898 445 958 obscuri
465 897 567 956 dentes
591 895 728 974 oculique
752 895 895 954 minores:

224 983 339 1058 Collige
362 980 539 1054 sarcinulas,
562 978 640 1039 dicet
661 979 799 1054 libertus,
821 987 851 1037 et
873 980 921 1039 exi

224 1067 295 1146 [lam
317 1066 414 1142 gravis
439 1081 471 1124 es
492 1063 577 1122 nobis
600 1072 629 1121 et
651 1080 742 1140 saepe
766 1065 945 1140 emungeris;
971 1065 1030 1142 exi]

223 1149 311 1210 Ocius
335 1157 364 1208 et
379 1165 523 1226 propera:
546 1147 627 1205 sicco
650 1147 729 1206 venit
752 1145 845 1207 altera
867 1163 948 1206 naso.

222 1233 338 1293 Interea
360 1232 438 1292 calet
460 1239 490 1290 et
512 1238 616 1307 regnat
641 1231 796 1308 poscitque
821 1231 950 1289 maritum

222 1315 359 1377 l’astores
383 1324 520 1376 etonem
545 1312 717 1374 Canusinam
737 1314 889 1391 ulmosque
912 1312 1052 1373 Falernas
1075 1345 1118 1358 -
1166 1325 1177 1371 1

224 1399 397 1474 Quantulum
419 1400 494 1459 enim
516 1395 597 1458 boc?
619 1415 729 1476 pueros
752 1415 869 1472 omnes,
894 1397 1042 1474 ergastula
1065 1404 1141 1460 tota:

223 1482 367 1562 Quodque
390 1483 467 1543 domi
489 1498 547 1542 non
570 1491 630 1558 est,
654 1481 706 1542 sed
729 1480 817 1542 babet
837 1483 967 1557 vicinus,
991 1488 1111 1540 ematur.

222 1566 323 1628 blense
347 1567 461 1645 quidem
483 1566 617 1640 brumae,
643 1583 729 1644 quum
750 1567 806 1625 iam
826 1574 975 1626 mercator·
993 1563 1081 1624 lason

193 1723 196 1728 Ι
224 1649 346 1710 Clausus
373 1660 402 1709 et
424 1651 540 1709 armatis
565 1648 661 1708 obstat
681 1666 749 1707 casa
772 1648 893 1709 candida
916 1649 1021 1722 nautis,

224 1733 346 1794 Grandia
368 1731 509 1792 tollantur
528 1731 717 1805 crystallina,
740 1733 862 1791 maxima
884 1749 983 1790 rursus
1164 1739 1202 1790 15¹

224 1813 370 1890 Murrina,
410 1813 515 1874 deinde
538 1813 653 1873 adamas
675 1814 841 1873 notissimus
865 1823 895 1872 et
915 1814 1060 1874 Berenice

195 1947 196 1952 1
224 1897 254 1960 ln
276 1899 366 1977 digito
387 1898 481 1957 lactus
507 1897 694 1976 [pretiosiorz
715 1895 791 1957 bunc
814 1897 893 1958 dedit
916 1898 984 1958 olim

223 1982 366 2044 Barbarus
389 1981 552 2060 incestael,
576 1980 655 2041 dedit
676 1980 752 2040 bunc
773 1981 906 2060 Agrippa
927 1982 1035 2057 sorori,

223 2067 390 2128 Observant
410 2065 459 2124 ubi
479 2065 554 2124 festa
576 2082 657 2125 mero
682 2065 758 2143 pede
781 2065 900 2126 sabbata
920 2082 1021 2143 reges,
1103 2097 1105 2103 ,

223 2150 260 2211 llt
281 2159 366 2211 vetus
390 2149 521 2226 indulget
540 2149 658 2209 senibus
680 2149 833 2209 clementia
854 2150 963 2227 porcis.
1164 2157 1204 2210 ltl

266 2233 390 2295 Nullane
414 2234 451 2294 de
473 2235 558 2293 tantis
583 2233 723 2310 gregibus
749 2233 800 2292 tibi
823 2233 910 2309 digna
930 2229 1066 2292 ridetur?

224 2319 267 2377 Sit
288 2317 433 2391 formosa,
460 2317 586 2391 decens,
612 2316 712 2392 dives,
734 2315 875 2391 fecunda,
899 2323 1032 2374 vetustos

224 2399 387 2460 Porticibus
410 2399 545 2477 disponat
570 2415 657 2473 avos,
685 2400 819 2458 intactior
845 2399 921 2457 omni

225 2482 358 2542 Crinibus
376 2482 476 2542 effusis
500 2480 609 2541 bellum
632 2480 783 2542 dirimente
804 2481 921 2558 Sabina,

224 2567 301 2626 llara
323 2567 384 2626 avis
409 2566 437 2624 in
459 2566 545 2624 terris
566 2565 709 2642 nigroque
731 2564 875 2626 simillima
898 2583 1006 2641 cycno:
1164 2575 1201 2629 165

225 2650 297 2725 Quis
319 2650 396 2710 feret
417 2666 553 2721 uxorem,
581 2649 626 2709 cui
651 2657 785 2708 constant
810 2645 923 2709 omnia?
946 2649 1033 2724 malo,

224 2732 303 2794 llalo
324 2732 518 2810 Venusinam,
540 2750 625 2810 quam
648 2741 693 2808 te,
716 2730 853 2792 Gornelia
874 2742 965 2802 mater

226 2817 439 2893 Gracchorum,
466 2817 490 2877 si
517 2834 580 2876 cum
601 2817 713 2896 magnis
735 2816 888 2876 virtutibus
911 2817 998 2878 adeas

226 2899 340 2962 Grande
357 2900 545 2980 supercilium
570 2909 599 2959 et
619 2918 752 2960 numeras
774 2900 803 2958 in
824 2901 893 2960 dote
914 2900 1085 2980 triumphos.

226 2984 312 3045 Tolle
329 2993 422 3061 tuum,
442 3001 567 3062 precor,
585 2983 772 3053 llannibalenr
791 2985 956 3064 victumque
976 2986 1139 3064 Syphacem
1162 2995 1201 3049 lta

225 3067 258 3127 ln
281 3069 401 3145 castris,
427 3076 456 3127 et
480 3086 544 3128 curn
565 3076 626 3128 tota
649 3067 824 3147 Carthagine
848 3069 955 3147 migra!

225 3150 334 3228 Parce,
357 3168 483 3230 precor,
505 3152 615 3227 Paean,
641 3161 670 3213 et
691 3162 736 3228 tu,
761 3153 831 3229 dea,
853 3171 930 3231 pone
948 3153 1085 3230 sagittas:

227 3230 273 3296 Nil
296 3236 380 3313 pueri
401 3235 524 3311 iaciunt,
548 3237 640 3314 ipsam
662 3237 799 3314 configite
820 3237 954 3297 matrem!

229 3317 372 3397 Amphion
394 3319 514 3380 clamat:
539 3319 591 3380 sed
614 3320 709 3381 Paean
733 3321 874 3381 contrahit
897 3338 1004 3381 arcum.

227 3401 339 3462 Extulit
363 3420 435 3480 ergo
459 3422 569 3482 greges
589 3414 720 3465 natorum
741 3407 893 3484 ipsumque
914 3413 1076 3484 parentem,
1160 3411 1199 3465 lit

226 3483 300 3544 Dum
323 3486 380 3546 sibi
403 3487 530 3548 nobilior
550 3487 677 3550 Latonae
699 3498 788 3567 gente
809 3489 923 3549 videtur
