2444 3984
402 274 526 322 saunas
549 275 597 323 vu.
960 264 997 325 37

16 416 68 476 larn
91 417 137 476 ias
160 422 220 484 cst;
247 414 365 474 admitte
387 413 483 474 viros!
499 437 540 458 -·-
559 412 617 472 lam
637 414 742 473 dormit
761 413 889 491 adulter,

16 500 63 563 llla
80 499 162 561 iulret
183 507 298 577 sumpto
320 499 454 557 iuvenem
477 514 639 576 properare
662 497 795 565 cucullo:
949 508 1001 562 331

16 589 43 646 Si
64 584 134 645 nihil
157 592 219 659 est,
246 585 341 643 servis
365 583 533 651 incurritur;
558 581 715 643 abstuleris
737 600 819 661 spem

16 673 185 745 Servorum,
208 668 288 727 venit
310 674 340 726 et
362 665 522 727 conductus
548 667 697 745 aquarius;
721 666 769 727 hic
791 669 816 727 si

16 754 168 828 Quaeritur
190 759 221 811 et
242 750 347 811 desunt
369 750 518 827 homines,
541 767 623 810 mora
644 750 724 811 nulla
744 767 799 828 per
819 753 923 831 ipsam,

16 839 77 912 Quo
101 837 194 896 minus
218 836 354 915 imposito
380 835 494 895 clunem
515 837 671 895 summittat
692 835 797 895 asello.

15 922 108 1002 Atque
131 922 239 982 utinam
260 922 332 980 ritus
355 928 473 980 veteres
498 927 528 978 et
551 918 669 999 publica
692 919 796 978 saltem
948 927 1000 982 333

16 1007 62 1066 llis
83 1009 189 1067 intacta
210 1005 293 1066 malis
315 1013 473 1082 agerentur
495 1021 593 1064 sacra:
617 1003 670 1063 sed
693 1020 794 1064 omues
1006 1001 1008 1008 '

16 1089 162 1151 Noverunt
182 1089 273 1150 llauri
295 1098 382 1167 atque
406 1088 483 1165 ludi,
508 1106 583 1166 quae
607 1086 728 1166 psaltria
754 1104 858 1165 penem

16 1175 169 1251 Maiorem,
196 1173 280 1254 quam
307 1182 374 1233 sunt
397 1172 454 1233 duo
483 1170 619 1232 Caesaris
640 1172 842 1247 Anticatones,

16 1259 102 1335 llluc,
128 1257 255 1319 testiculi
277 1256 332 1316 sibi
355 1257 491 1317 conscius
513 1257 589 1317 unde
610 1255 685 1333 fugit
706 1273 779 1332 mus,

17 1343 158 1419 lutulerit,
180 1341 229 1402 ulri
251 1341 345 1402 velari
367 1341 482 1420 pictura
506 1340 631 1417 iubetur,
949 1348 1001 1401 311

18 1428 220 1506 Quaecumque
242 1426 361 1486 alterius
385 1443 475 1486 sexus
498 1427 606 1486 imitata
628 1414 749 1501 figura'm
771 1432 826 1482 est.

18 1511 51 1570 Et
77 1513 139 1590 quis
161 1519 229 1570 tunc
252 1509 397 1570 hominurn
420 1519 603 1589 contemptor
623 1505 766 1569 numinis?
791 1515 839 1566 aut
863 1507 926 1584 quis

18 1597 189 1674 simpuvium
211 1594 308 1655 ridere
333 1586 445 1655 Numae
470 1596 641 1672 nigrumque
665 1594 789 1652 catinum

19 1678 50 1739 llt
71 1680 212 1739 Vaticano
234 1678 355 1756 fragiles
379 1680 416 1740 de
436 1688 534 1739 monte
557 1678 684 1757 patellas

20 1764 109 1823 lusus
135 1759 218 1823 erati
240 1764 294 1823 sed
316 1781 391 1823 nunc
414 1765 449 1824 ad
473 1781 545 1843 quas
569 1779 626 1822 non
651 1759 771 1821 Clodius
793 1757 881 1818 aras?
949 1767 1001 1821 313

55 1847 166 1924 Α1111,
192 1847 260 1926 quid
282 1856 400 1908 veteres
423 1848 492 1907 olirn
515 1847 657 1908 moneatis
681 1845 780 1904 amici:

20 1931 93 1991 Pone
115 1949 226 2007 seram,
252 1930 436 2010 prohibei—
446 1931 505 1992 Sed
520 1933 584 2011 quis
595 1928 740 1990 custodiet
766 1927 847 2005 ipsos

22 2013 180 2076 Custodes?
205 2023 289 2076 cauta
315 2024 361 2075 est
383 2025 412 2076 et
434 2015 470 2075 ab
492 2015 549 2075 illis
573 2014 673 2092 incipit
699 2028 782 2071 uxor.

21 2099 130 2180 lamque
155 2100 256 2160 eadem
278 2102 395 2160 summis
416 2101 526 2178 pariter
547 2099 726 2175 minimisque
751 2093 852 2169 libido,

21 2183 77 2244 Nec
98 2184 217 2260 melior,
243 2184 356 2244 silicem
381 2183 504 2264 pedibus
528 2201 602 2262 quae
624 2181 748 2241 conterit
770 2186 872 2253 atrurn,
949 2187 1001 2240 330

24 2266 105 2340 Quam
130 2285 205 2347 quae
227 2268 382 2346 longorum
407 2267 521 2329 vehitur
541 2267 657 2328 cervice
679 2266 828 2341 Syrorum.

23 2351 54 2411 Ut
73 2361 190 2432 spectet
213 2352 314 2428 ludos,
344 2353 479 2413 conducit
502 2350 625 2429 Ogulnia
647 2360 771 2424 vestem,

24 2433 157 2497 conducit
179 2438 317 2514 comites,
340 2437 460 2513 sellam,
485 2435 629 2512 cervical,
654 2435 773 2507 amicas,

23 2518 161 2581 Nutricem
186 2529 216 2580 et
239 2521 358 2598 flavam,
384 2523 429 2582 cui
454 2521 503 2581 det
525 2519 674 2594 mandata,
697 2517 835 2597 puellam.

24 2603 93 2664 llaec
114 2615 211 2666 tamen
233 2608 346 2683 argenti
367 2613 504 2684 superest
526 2603 728 2682 quodcumque
751 2602 865 2679 paterni
950 2609 1000 2661 335

24 2684 136 2748 leuibus
159 2689 277 2750 athletis
301 2699 330 2750 et
354 2707 425 2749 vasa
447 2690 603 2749 novissima
625 2686 722 2746 donat.

24 2767 108 2831 llultis
129 2791 180 2833 res
203 2782 325 2851 angusta
348 2774 441 2834 domi:
466 2774 521 2833 sed
540 2771 617 2831 nulla
642 2770 784 2849 pudorem

25 2853 194 2934 Paupertatis
217 2857 323 2934 hahet,
345 2875 401 2918 nec
423 2875 457 2917 se
477 2859 594 2917 metitur
615 2854 651 2915 ad
676 2852 766 2927 illurn,

26 2936 104 3008 Quem
126 2939 207 3002 dedit
227 2940 301 3003 lraec
318 2944 474 3020 posuitque
494 2941 618 3018 modum.
646 2937 754 2997 l'arnen
774 2934 844 2994 utile
867 2933 935 3013 quid
953 2935 1000 3007 sit,

26 3019 196 3102 Prospiciunt
219 3025 373 3105 aliquando
395 3027 464 3102 viri,
487 3025 637 3102 frigusque
659 3023 821 3096 famemque
950 3025 1003 3080 360

26 3101 146 3171 Formica
167 3109 283 3170 tandem
306 3109 421 3188 quidam
440 3127 590 3188 expauere
611 3107 763 3186 magistra:

27 3187 138 3270 Prodiga
159 3209 219 3253 non
240 3196 328 3254 sentit
349 3202 520 3274 pereuntem
541 3193 646 3252 iernina
669 3205 801 3255 censum;

29 3269 63 3331 11
83 3276 164 3337 velut
186 3277 329 3338 exhausta
351 3278 498 3338 redivivus
520 3277 645 3356 pullulet
666 3292 734 3336 arca

29 3351 149 3420 Nummus
173 3369 202 3421 et
226 3380 243 3421 e
265 3361 354 3441 pleno
379 3361 497 3422 tollatur
521 3378 638 3440 semper
659 3374 780 3434 acervo,

30 3435 80 3500 Non
100 3462 232 3524 umquam
254 3454 406 3525 reputant,
429 3447 526 3524 quanti
547 3445 602 3504 sibi
624 3444 729 3520 gaudia
752 3449 893 3503 constent.
950 3446 1002 3502 365

62 3527 128 3586 Sunt
149 3546 223 3608 quas
248 3530 372 3590 eunuchi
397 3529 531 3590 imbelles
553 3547 587 3588 ac
610 3528 709 3588 mollia
731 3545 849 3608 semper
