2444 3984
461 239 670 291 PRAEFATIO.
951 245 1042 294 xxm

47 387 174 459 plurimis,
185 383 445 444 wdnmldrncdith.
457 383 597 456 effluunt„
606 387 673 458 qnasi
685 387 717 442 de
726 401 826 445 numero
833 403 940 456 casuum
953 404 1001 444 non
1012 389 1043 445 dc

48 470 191 544 frequentia
202 475 296 541 agatur,
303 483 440 542 quosqam
450 485 521 540 coepe
531 471 612 540 potius
622 470 743 541 postulat:
756 485 835 543 nemra
844 487 900 528 vasa
911 472 975 528 alind
985 480 1041 529 sunt

49 570 80 610 ac
91 561 181 622 tostae,
194 569 253 626 qum
263 553 285 608 si
296 553 327 608 ad
337 552 451 608 imbrices
461 553 552 608 nuno
561 554 684 620 malueris.
696 553 742 610 bne
752 569 796 610 cur
806 561 879 611 nocto
889 556 1041 626 potissimum

48 639 150 704 cadant,
159 637 360 710 segnium:
372 643 466 694 tanbam
473 637 547 709 igitur
558 637 626 693 abest
636 645 666 694 ui
675 653 732 694 cum
738 637 1042 710 Rupertioetbiassonede

48 721 255 795 triplioiporiosdo
261 720 1041 795 mgiundosatqoodnomemdmbumioetotonm

49 807 82 862 ad
88 821 204 862 rasorum
211 821 281 860 omns
290 805 476 862 mammone
487 805 629 862 -Satli
637 823 659 863 r.
667 807 834 864 dumblibri
845 823 944 871 ornnem
956 807 1041 864 vitiato

49 890 153 946 Iahnius
164 906 188 945 o.
197 889 345 945 Scholiasta:
363 889 444 944 miuus
457 896 540 954 amte;
551 891 583 947 ci.
589 890 680 948 vindic.
693 906 717 962 p.
726 890 872 950 d-w
883 890 1039 948 immobilitate

50 974 119 1045 Rup.
132 981 157 1029 ot
169 973 227 1030 dci.
239 988 298 1028 oum
306 973 373 1029 libn's
390 973 523 1046 planstrum
539 991 592 1030 om
602 975 698 1031 Iahnius
709 991 731 1031 c.
744 975 848 1032 Pithoeo
857 981 882 1030 ot
891 974 1037 1034 dicioriohio.

50 1064 192 1114 nouantem
203 1057 405 1126 cumditboeanu
417 1057 496 1130 inquo
503 1059 587 1115 lacuna
598 1060 678 1130 potins
687 1059 916 1115 dnannuliterarnnr
925 1066 976 1123 eet;
987 1075 1038 1114 csso

50 1142 132 1214 igitur
140 1143 207 1198 omni
219 1141 361 1198 anctoritate
371 1142 622 1202 eant.-v.1uoin
632 1143 722 1199 boum
728 1145 804 1217 vulg„
816 1145 945 1200 zamam
953 1142 1037 1206 iabn.;

51 1233 76 1281 at
84 1228 109 1281 in
116 1225 180 1281 Pith.
191 1232 229 1281 est
238 1225 311 1290 tocco,
318 1225 382 1298 quod
387 1225 417 1280 ad
422 1226 638 1282 damnantium
648 1228 697 1284 dixi
702 1227 795 1284 Vindio.
807 1243 832 1298 p.
839 1231 864 1286 8.
875 1255 911 1270 -
920 1226 1006 1284 Soti.
1013 1243 1036 1284 u.

50 1309 738 1382 51,nronlmniosoiinzgeroatlieinnmiodannnnt,
746 1311 1036 1384 nonomgendosuron

50 1394 203 1465 praestitisse
213 1393 310 1456 videon
329 1395 369 1465 qui
379 1400 407 1449 ut
417 1393 501 1449 abesse
511 1396 599 1465 possit,
611 1396 702 1451 omisso
710 1402 791 1452 tamon
802 1396 966 1452 membrorum
977 1411 1038 1452 con·

50 1479 155 1533 cinnitas
177 1477 352 1543 debilitabitur,
371 1493 432 1550 qnae
449 1477 522 1536 mnu
539 1495 625 1553 moun
643 1495 692 1534 nno
713 1479 866 1536 hemistiobio
888 1479 979 1535 alrsolui
995 1479 1035 1534 vir

51 1563 117 1618 sinit.
145 1562 199 1618 Alia
211 1578 282 1618 cama
300 1568 337 1617 est
347 1578 369 1617 v.
380 1566 424 1630 9-1,
437 1563 572 1634 queminus
585 1561 731 1619 Pithoeanns
741 1563 852 1635 ignorat3
866 1569 891 1618 at
900 1563 939 1618 vd
947 1578 970 1620 v.
983 1565 1035 1621 140

51 1647 160 1718 quamvis
177 1645 298 1703 elumbem
315 1652 340 1701 et
358 1646 387 1702 ad
404 1646 494 1702 leonini
510 1647 615 1718 speciem
627 1646 788 1718 compositum
801 1647 822 1702 si
833 1661 889 1702 cum
900 1645 983 1702 labris
992 1661 1035 1701 ox-

51 1731 154 1801 poderis,
169 1730 275 1787 hiulcam
291 1731 424 1786 orationem
442 1731 539 1796 feceris,
555 1746 603 1786 nec
621 1732 701 1786 minus
717 1731 766 1786 ioci
783 1731 918 1788 communis
935 1731 1034 1788 inserit

51 1831 123 1887 quam
129 1814 180 1871 vn.
195 1818 245 1874 145
256 1814 425 1870 rareioteooa‘
430 1815 547 1888 facondia
552 1832 652 1888 pom
664 1815 727 1888 qarod
738 1817 759 1870 si
770 1817 876 1871 maxime
883 1815 953 1872 idum
962 1814 1033 1870 scribi

53 1899 189 1955 aluvenale
199 1900 308 1970 potuisse
318 1899 457 1972 negaveris,
476 1899 549 1955 alium
559 1901 640 1971 potius
651 1915 722 1972 nram
733 1899 826 1954 nullum
836 1899 866 1954 ab
877 1914 907 1954 eo
916 1899 1033 1969 scriptum

52 1998 107 2038 asse
117 1984 257 2042 concedam.
289 1983 346 2038 diox
356 1998 454 2055 quoque
469 1999 492 2038 r.
506 1988 554 2040 141
565 1981 677 2056 Mycalen
686 1982 812 2039 Pititocuni
823 1998 867 2053 pro
877 1981 1032 2054 dimolcideo

51 2068 151 2132 retinui,
169 2068 225 2140 quia
244 2082 327 2123 venum
344 2082 432 2122 nomon
443 2068 543 2140 ignoro,
555 2067 619 2139 quod
631 2067 693 2122 haud
709 2067 760 2122 scio
771 2081 802 2120 an
812 2065 930 2120 mimam
947 2064 1033 2119 eodem

50 2149 454 2224 modoquoporaalomdmeonen
464 2158 535 2223 poeta
544 2149 899 2223 aequalibnsnotosuupsorit3
910 2148 1033 2218 corrumpi

51 2241 134 2290 tamen
147 2236 219 2290 mam
230 2236 347 2308 optimum
358 2235 467 2291 codicem
478 2236 502 2290 in
512 2235 567 2291 ioco
577 2234 748 2292 obscurissimo
759 2233 865 2305 pomisne
877 2245 949 2288 nemo
959 2233 1032 2288 miru-

50 2319 119 2374 bitur
127 2318 231 2391 ideoque
241 2335 335 2375 rursum
343 2336 368 2374 r.
383 2323 433 2377 142
443 2319 715 2390 metonomiam.
732 2321 783 2378 145
794 2317 940 2374 mamam
950 2331 1034 2388 croac

49 2419 168 2468 moro,
182 2419 243 2476 qma
254 2420 285 2458 ex
300 2405 343 2459 iiio
353 2403 449 2460 Iahnius
460 2405 555 2469 ascivit,
572 2403 603 2460 ad
618 2405 771 2475 superiorum
788 2402 1031 2474 manplarmocns

49 2503 97 2543 non
109 2487 231 2554 dubitavi,
251 2488 306 2560 quia
321 2488 371 2544 hoc
380 2488 417 2544 rel
435 2489 487 2544 sine
497 2489 642 2561 reiquonrm
657 2489 768 2545 codicum
783 2501 902 2544 consensu
912 2486 962 2558 ipsa
977 2501 1032 2540 sen-

50 2573 124 2626 tentia
134 2577 249 2642 premnt.
282 2570 359 2628 Serrei
369 2579 435 2628 eene
444 2587 490 2644 pro
511 2572 582 2628 mimi
590 2574 624 2628 ita
634 2579 728 2629 tantum
738 2573 819 2627 locum
829 2570 915 2637 dabat,
931 2576 959 2625 ot
969 2569 1033 2624 eius·

52 2655 106 2710 dem
115 2657 151 2710 rei
168 2655 264 2712 mentio
275 2657 429 2721 excludatur,
445 2663 473 2712 ut
486 2657 514 2711 in
526 2657 641 2727 exemplis
651 2657 714 2726 apud
725 2654 804 2713 Bentl.
816 2654 846 2708 ad
858 2653 941 2708 Herot.
952 2650 1029 2708 Senn.

53 2739 180 2804 11.e.2t;
198 2747 280 2796 nostra
290 2747 370 2796 autem
380 2741 478 2814 biygaie
487 2741 559 2795 ctiam
568 2746 625 2810 post
640 2739 783 2811 trigeminos
795 2738 853 2792 alios
868 2742 950 2808 portus
961 2735 1034 2790 edere

51 2829 159 2894 poteram
169 2839 217 2879 noo
232 2840 339 2880 metuam
351 2824 429 2881 afferri
440 2825 536 2880 demum
547 2838 592 2893 par
600 2827 650 2888 cst,
662 2821 704 2877 ubi
715 2822 793 2876 inians
800 2820 925 2893 permitras
935 2819 983 2874 hoc
994 2826 1032 2873 ost

51 2908 80 2963 ad
94 2923 196 2964 coenam
207 2909 285 2974 venit,
298 2916 325 2964 ut
337 2911 430 2964 mittam
440 2922 537 2964 mensae
553 2921 611 2961 cum
621 2905 723 2961 nucibus
733 2911 757 2959 et
769 2920 822 2960 asse
831 2918 915 2974 pamm
927 2901 1032 2956 necesi-

51 2992 139 3048 tudinis
148 2991 314 3056 intercedam
330 3008 395 3048 nnnc
404 2993 479 3066 igitur
493 2991 572 3049 donec
580 2989 704 3046 Pithoenni
715 2989 844 3045 auctoritas
855 2985 983 3042 commoda
994 2984 1031 3039 in-

52 3077 224 3146 terpretatione
234 3076 355 3146 dometur,
368 3077 511 3133 deteriorem
523 3075 637 3132 ramum
646 3088 729 3130 verum
741 3087 849 3128 mutasse
858 3069 967 3128 arbitror.

133 3159 223 3219 Libii.
231 3160 356 3220 sntio.
363 3165 406 3229 ud,
416 3161 484 3216 cuius
491 3175 574 3216 versus
583 3160 649 3231 prior
657 3173 712 3230 pars
721 3155 842 3230 dangrrida,
850 3153 969 3226 posterior
979 3153 1031 3224 pin-

51 3244 136 3316 guisct
147 3245 225 3300 otiosa
236 3251 280 3314 cst,
293 3251 432 3317 suspectum
442 3243 500 3300 mihi
509 3259 562 3300 osse
572 3259 620 3300 non
628 3243 696 3315 potui
705 3239 908 3314 nonsignitioare3
920 3237 1031 3293 fidentius

50 3335 129 3384 antem
139 3333 270 3388 moxndd
281 3344 334 3384 mea
342 3330 479 3386 coniectura
491 3345 534 3400 oro
545 3328 595 3384 illic
604 3325 782 3398 mnpsibillioi.
789 3339 810 3381 a.
818 3323 949 3392 intestinis,
959 3337 1031 3394 quam

51 3427 132 3468 vocem
143 3414 174 3469 ad
185 3414 263 3484 ipsum
273 3414 463 3484 predicationem
474 3415 545 3469 otiam
556 3413 670 3468 Laberius
680 3409 762 3466 retulit
772 3415 835 3464 teste
843 3407 1031 3478 Noniae-1223

52 3496 109 3552 adde
125 3498 219 3554 vim
236 3498 299 3568 apud
315 3504 423 3554 nostrum
442 3498 483 3553 IX.
495 3501 538 3556 43.
571 3495 712 3553 biunuscula
729 3495 792 3549 enim
808 3493 918 3548 universe
929 3504 1031 3546 curnon

52 3580 122 3636 ctiam
131 3597 193 3654 puer
204 3583 294 3656 exigat
308 3597 380 3656 aegre
389 3583 491 3646 dixerim
502 3597 567 3636 nunc
578 3587 658 3636 antem
669 3579 699 3636 do
710 3579 775 3635 coitu
786 3577 875 3649 agitur,
886 3589 957 3646 qnam
968 3586 1030 3626 uxor
