2438 3994
396 290 522 340 surina
543 291 607 340 xli.

18 433 167 496 lesticuli:
191 430 266 492 adeo
289 431 459 491 medicatum
483 430 627 509 intellegit
639 431 754 509 inguen.

18 519 149 592 Fundite,
171 533 247 596 quae
268 532 333 574 mea
354 524 434 590 sunt,
456 514 588 590 dicebat,
615 524 733 591 cuncta,
758 513 898 593 catullus,

20 602 208 680 Praecipitare
228 599 331 659 volens
355 601 439 658 etiam
462 598 672 676 pulcherrima,
692 608 803 660 vestem

19 687 202 764 Purpuream,
225 684 334 742 teneris
355 699 471 762 qnoque
493 681 711 744 Maecenatibus
733 692 838 762 aptam,

20 771 107 848 Atque
128 768 216 843 alias,
238 784 356 846 quarum
378 767 517 844 generosi
539 769 675 844 graminis
698 769 791 847 ipsum
882 829 886 836 ,
963 783 1000 834 40

19 854 114 912 iniecit
136 861 236 912 natura
258 868 366 928 pecus,
390 851 443 910 scd
466 859 495 909 et
517 854 655 929 egregius
678 852 744 912 lons

19 937 126 996 Viribus
150 935 274 995 occultis
297 942 326 993 et
347 934 483 995 Baeticus
506 934 619 996 adiuvat
638 953 699 996 aer.

19 1020 64 1080 llle
85 1039 143 1080 nec
164 1027 314 1096 argentum
336 1017 486 1078 dubitabat
506 1019 637 1095 mittere,
658 1019 759 1080 lances

20 1104 165 1164 Parthenio
184 1103 293 1178 iactas,
317 1120 405 1162 urnae
430 1110 543 1162 cratera
564 1121 703 1181 capacem

20 1187 49 1246 Et
70 1189 185 1266 dignum
208 1188 322 1246 sitiente
344 1185 435 1246 Pholo
458 1185 506 1245 vel
529 1187 654 1264 coniuge
676 1186 780 1262 Fusci3
965 1199 998 1252 45

20 1271 94 1331 lude
116 1280 145 1331 et
167 1269 329 1330 bascaudas
352 1279 380 1330 et
401 1269 479 1329 mille
500 1271 630 1345 escaria,
653 1270 770 1330 multum

19 1353 139 1430 caelati,
163 1353 278 1414 biberat
298 1370 354 1432 quo
378 1353 499 1412 callidus
521 1362 635 1431 emptor
657 1353 782 1429 Olynthi.

8 1437 70 1516 ffSed
92 1439 158 1516 quis
180 1455 255 1496 nnnc
277 1437 366 1513 alius,
389 1455 444 1515 qua
466 1437 561 1496 mundi
585 1446 667 1515 parte
689 1439 751 1515 quis
771 1439 858 1498 audet

8 1523 143 1599 'llrgento
161 1522 313 1600 praeferre
337 1529 422 1599 caput
444 1520 591 1597 rebusque
614 1517 758 1581 salutem?

20 1606 88 1686 [Non
101 1614 224 1684 propter
240 1606 327 1664 vitam
346 1605 454 1665 iaciunt
476 1605 645 1682 patrimonia
668 1604 792 1682 quidam.
965 1620 1000 1670 50

21 1690 71 1749 Sed
92 1690 164 1749 vitio
188 1689 269 1749 caeci
291 1697 413 1767 propter
434 1690 604 1766 patrimonia
624 1689 751 1767 vivunt]

19 1771 135 1833 lactatur
155 1791 251 1833 rerum
272 1773 382 1836 utilium
402 1791 470 1851 pars
491 1775 630 1848 maxima,
652 1773 784 1835 sednec

20 1856 119 1917 llamna
140 1857 251 1923 levant;
275 1865 342 1916 tunc
365 1856 496 1916 adversis
517 1856 688 1934 urgentibus
709 1857 779 1918 illuc

21 1940 161 2016 Reccidit,
182 1949 213 2000 ut
234 1941 338 2000 malum
360 1940 440 2000 lerro
463 1942 669 2017 summitteret,
693 1958 727 2000 ac
750 1959 783 2001 se

20 2023 147 2104 Explicat
170 2033 335 2101 angustum:
359 2024 529 2084 discriminis
549 2024 660 2099 ultima,
686 2025 799 2102 quando
964 2035 999 2090 55

21 2107 158 2168 Praesidia
180 2109 325 2168 afferimus
346 2125 448 2168 narem
470 2108 580 2168 iactura
603 2109 751 2167 minorem.

8 2190 30 2250 ll
47 2211 119 2252 nunc
142 2201 171 2252 et
192 2193 287 2252 ventis
310 2193 429 2252 animam
454 2193 614 2268 committe,
639 2192 736 2253 dolato

8 2272 145 2344 Confisus
166 2275 264 2353 ligno,
288 2275 384 2353 digitis
407 2295 423 2336 a
444 2285 537 2335 morte
557 2284 685 2336 remotus

8 2357 153 2430 Quattuor
175 2369 223 2420 aut
245 2369 373 2438 septem,
396 2360 421 2418 si
444 2361 480 2418 sit
502 2359 638 2420 latissima
657 2359 760 2433 taeda3

8 2435 79 2512 llorr
99 2462 164 2504 cum
182 2444 313 2504 reticulis
334 2453 363 2503 et
380 2462 455 2522 pane
479 2452 508 2502 et
530 2453 632 2503 ventre
654 2443 779 2522 lagonae
966 2447 1000 2508 60

8 2513 121 2605 {Aspice
144 2527 328 2588 sumendas'
320 2546 348 2586 rn
370 2536 543 2606 tempestate
567 2546 697 2587 secures.
810 2533 814 2539 '

8 2610 70 2686 ¹Sed
93 2621 247 2690 postquam
266 2612 352 2671 iacuit
373 2612 487 2690 planum
508 2629 587 2670 mare
596 2620 759 2689 ,tempora
777 2620 929 2690 postquam

22 2693 157 2774 Prospera
178 2696 307 2756 vectoris
329 2696 474 2774 latumque
496 2695 638 2754 valentius
661 2711 732 2754 curo

21 2773 50 2835 Et
67 2779 193 2857 pelago,
217 2788 370 2858 postquam
390 2779 498 2840 Parcae
519 2779 640 2838 meliora
662 2777 787 2856 benigna

21 2857 101 2922 Pensa
123 2882 208 2922 manu
230 2862 335 2923 ducunt
357 2862 465 2922 hilares
489 2873 517 2922 et
536 2862 663 2922 staminis
684 2861 744 2921 albi
965 2872 999 2925 65

22 2941 168 3022 lanificae,
190 2947 304 3007 modica
322 2965 379 3007 nec
399 2947 514 3006 multum
535 2947 639 3006 fortior
656 2963 723 3005 aura

8 3023 119 3152 ‚Ventus
142 3031 241 3090 adest:
261 3031 340 3130 inopi
360 3031 533 3090 miserabilis
554 3039 616 3090 arte
639 3031 765 3090 cucurrit

8 3107 146 3180 Vestibus
170 3115 300 3174 extensis
323 3123 370 3191 et,
394 3114 472 3194 quod
490 3123 680 3192 superaverat
701 3132 796 3213 unum,

8 3187 84 3258 Velo
108 3215 196 3277 prora
219 3216 281 3258 suo.
324 3198 383 3259 lam
402 3199 603 3258 delinientibus
624 3199 728 3258 austris

8 3261 85 3376 {Spes
107 3283 185 3342 vitae
208 3300 271 3342 cum
295 3282 359 3343 sole
378 3281 467 3354 redit;
491 3292 559 3343 tunc
579 3291 680 3359 gratus
702 3282 764 3342 lulo
849 3321 853 3328 ,
964 3288 998 3343 'lo

8 3339 104 3442 ltqne
126 3367 278 3427 novercali
301 3367 389 3426 sedes
412 3329 543 3444 praelata
564 3365 672 3426 Lavino

23 3440 195 3584 donspicitur
217 3451 346 3510 sublimis
369 3469 463 3528 apex,
485 3453 531 3510 cui
552 3450 672 3510 candida
694 3465 798 3508 nomen

23 3527 112 3592 Scrofa
135 3533 229 3610 dedit,
253 3534 339 3595 laetis
361 3533 522 3611 Phrygibus
545 3532 675 3593 mirabile
699 3549 810 3609 sumen,

53 3635 104 3676 ωε.
128 3638 189 3677 sur.
773 3625 791 3677 6
