2444 3984
335 257 337 261 ’
388 277 514 325 sunnon
533 278 580 325 vn.
961 268 1001 332 33

20 421 110 498 Atque
131 416 235 477 endem
261 417 360 477 seroie
382 415 478 476 Niobe
501 416 655 478 fecundior
676 417 751 479 albu.

20 503 97 576 Quae
120 501 190 560 tenti
211 502 359 578 gravitas,
382 518 457 579 quae
479 500 588 577 forma,
614 510 644 561 nt
665 520 698 562 so
720 501 772 561 tibi
794 521 913 584 semper

20 582 159 664 imputet?
180 583 264 644 huius
287 586 361 644 enim
383 585 441 646 rari
462 585 623 662 summique
644 585 780 664 voluptas

20 669 98 730 Nulln
122 668 210 745 honi,
238 669 353 746 quoties
377 669 471 728 animo
497 675 635 748 coempta
655 669 783 748 superbo
951 683 1003 736 180

20 754 80 813 Plus
110 753 195 815 aloes
229 769 314 830 qnam
334 752 429 812 mellis
452 751 550 812 habet.
591 752 663 826 Quis
685 752 799 814 deditus
822 764 918 816 nutem

20 837 112 916 Usque
134 835 210 898 odeo
236 843 298 911 est,
324 844 435 896 utnon
457 835 552 913 illum,
577 853 663 915 quum
684 836 818 898 laudibus
841 839 937 917 effert,

20 921 137 981 llorreat
157 920 245 998 inque
267 919 344 980 diem
364 921 495 999 septenis
517 921 613 981 oderit
636 919 740 980 horis?

21 1003 162 1077 Quaedam
183 1021 274 1082 parva
294 1003 428 1082 quidem,
451 1003 505 1064 sed
525 1021 585 1065 uon
603 1005 757 1066 tolerando
777 1007 896 1067 meritis.

20 1086 1001 1168 mfflmmmwwmwfflffi

20 1172 197 1247 Formosum,
221 1171 278 1230 uisi
304 1189 379 1250 quae
402 1172 438 1232 de
460 1171 557 1233 lusos
579 1171 724 1234 Graeculo
745 1174 823 1235 ieotu
845 1184 901 1251 est,

20 1255 57 1315 lle
78 1254 264 1316 Sulmonensi
284 1273 364 1317 mern
386 1252 549 1334 Cecropis?
572 1260 667 1334 omnia
689 1275 810 1335 graece,

20 1338 105 1412 Quum
126 1340 165 1398 sit
186 1347 270 1417 turpe
291 1339 384 1416 magis
407 1340 514 1399 nostris
534 1341 649 1400 nescire
672 1339 769 1401 latine.

21 1423 75 1483 lloe
96 1438 235 1484 sermone
258 1431 381 1501 pavent,
405 1423 463 1483 lion
485 1424 572 1498 irem,
593 1422 715 1500 gaudia,
740 1442 835 1499 ouras,

21 1507 75 1567 lloo
96 1515 200 1568 onnotn
222 1506 369 1568 effundunt
391 1507 475 1567 animi
496 1514 628 1566 secreta:
651 1506 720 1584 quid
741 1505 838 1568 ultrei
951 1517 1002 1572 190

23 1588 214 1652 donoumbunt
235 1608 355 1667 greene.
387 1589 489 1650 Dones
509 1599 606 1650 tamen
626 1591 682 1652 ists
703 1591 826 1668 puellis:

22 1673 92 1735 lune
114 1675 216 1750 etiam,
239 1692 326 1753 quam
348 1683 448 1734 sextus
471 1683 500 1734 et
523 1675 730 1751 octogesimus,
745 1692 835 1735 ennus

23 1757 124 1834 inient,
148 1759 243 1820 adhue
264 1756 395 1835 gruem?
415 1775 473 1818 nou
497 1766 542 1817 ost
563 1757 611 1819 hie
634 1775 728 1818 sermo
752 1759 875 1838 pudieus

24 1840 48 1900 ln
68 1841 176 1901 vetula.
216 1839 339 1914 Quoties
365 1841 504 1903 lascivum
526 1842 681 1902 intervenit
703 1841 774 1903 illud

25 1918 82 2004 Ζωὴ
103 1923 155 1985 καὶ
178 1917 276 2003 ψυχή,
297 1925 385 1986 modo
407 1925 461 1985 sub
484 1926 581 1987 lodine
602 1926 715 2010 relictis
949 1937 999 1992 195

23 2009 109 2068 Uteris
131 2009 160 2067 in
179 2007 277 2078 turbe:
302 2009 380 2088 quod
402 2011 478 2070 enim
500 2027 558 2069 non
581 2011 692 2069 excitet
712 2011 820 2086 inguen

23 2093 80 2155 Vox
99 2092 207 2153 blanda
231 2101 261 2156 et
281 2092 426 2172 nequam?
448 2093 555 2171 digitos
576 2092 680 2162 lmbem
703 2101 733 2152 ut
752 2101 849 2154 temen
867 2111 967 2155 omnes

25 2176 168 2237 Subsident
198 2177 318 2255 pinnae,
340 2177 422 2238 dieas
441 2177 516 2238 lineo
537 2176 653 2236 mollius
672 2175 783 2236 lluemo

26 2259 191 2339 Quamquam
213 2268 244 2320 et
265 2258 475 2341 Carpophoro,
501 2261 594 2322 luoies
615 2269 664 2321 tun
687 2268 834 2338 eomputut
856 2280 956 2324 annos.

60 2343 88 2403 Si
111 2343 164 2404 tibi
186 2344 323 2422 legitimis
343 2354 458 2424 poetam
480 2345 663 2423 iunotnmque
684 2343 802 2405 tabellis
949 2359 1001 2411 noo

27 2425 80 2486 llou
99 2446 131 2488 es
156 2435 317 2506 amaturus,
341 2428 466 2489 ducendi
486 2429 566 2490 nulla
589 2427 704 2490 videtur

27 2507 906 2593 mmwwwmwwmfflm

27 2592 739 2674 mmmwfflQOffl

28 2675 99 2748 Quod
121 2681 212 2758 prime
233 2696 287 2758 pro
309 2688 398 2740 noete
421 2681 520 2756 detur,
543 2687 629 2759 quom
650 2681 736 2742 lnnee
757 2679 844 2742 beate

27 2757 136 2823 liuoieus
158 2771 188 2823 et
210 2765 320 2842 scripto
340 2763 433 2825 radiat
454 2763 641 2825 Germanicus
663 2779 743 2825 auro.
948 2776 1000 2829 205
1067 2829 1073 2842 ,

29 2845 310 2925 Sidbisdnpdodns
331 2848 450 2924 uxone,
473 2848 587 2910 deduus
608 2849 656 2909 uui

28 2923 70 2987 Est
89 2932 214 3006 animus,
236 2931 378 2991 summitte
401 2942 488 3010 eaput
511 2935 627 2994 oervioe
651 2938 751 3011 parata

29 3005 104 3073 Fene
124 3015 238 3092 iugum
261 3013 369 3075 nullam
390 3016 537 3095 invenies,
560 3035 635 3096 qnae
657 3023 758 3095 pareat
782 3016 895 3076 amanti.

30 3093 762 3179 mwwmmmmwm

31 3175 58 3235 lit
75 3181 189 3259 spoliis;
214 3182 302 3258 igitur
325 3181 414 3260 longe
438 3185 530 3244 minus
550 3185 629 3245 utilis
652 3184 694 3244 illi
947 3195 999 3247 nlo

31 3258 112 3341 Uxor,
135 3265 265 3344 quisquis
290 3266 346 3325 enit
367 3266 460 3327 bonus
484 3268 686 3347 optandusque
709 3268 837 3328 maritus.

31 3340 68 3404 llil
85 3366 212 3428 umquam
236 3350 324 3410 invita
345 3349 467 3410 donabis
493 3353 635 3429 coniuge,
658 3350 770 3411 vendes

33 3424 79 3487 lino
98 3431 227 3493 obstante
249 3432 337 3509 nihil,
362 3433 447 3511 nihil,
471 3435 546 3496 haee
568 3437 593 3494 si
612 3433 710 3511 nolet,
734 3443 859 3502 emetur:
969 3473 973 3482 ·

33 3507 96 3571 liaeo
113 3515 189 3576 dubit
212 3517 351 3593 effeetus,
375 3517 427 3576 ille
452 3518 622 3580 excludatur
644 3518 753 3578 nmious
813 3601 831 3652 ἢ

63 3615 110 3656 ΠΝ.
129 3621 188 3659 SAT·
813 3636 822 3654 ι.
