2444 3984
195 237 231 286 vr
437 297 440 302 ,
574 233 782 284 rumetum.

195 383 250 438 iano
267 386 361 436 tantum
379 386 462 435 contra
473 379 636 438 Domitianum
653 395 764 451 pugnans
779 379 860 436 locum
872 379 936 436 exilii
947 379 1039 436 deliniri
1049 398 1121 454 posse
1132 385 1180 440 de-

195 465 313 538 speraritr
325 465 395 520 mitto
405 465 477 519 etiam
488 464 645 531 libiciorum,
657 465 698 535 qui
709 465 733 519 in
743 464 824 520 libello
834 463 949 534 inscripto
960 464 1065 532 Juvenal,
1078 467 1116 522 ein
1128 467 1181 522 le-

195 551 266 606 bcns·
282 551 331 604 und
343 546 578 628 Charalrterbildqans
594 549 637 604 der
654 547 789 602 rttmischen
799 547 945 611 Kaiserzeit,
963 547 1083 606 dlberleld
1096 553 1178 610 1851.

195 639 220 702 8,
232 649 256 705 p.
270 637 320 691 102
330 648 383 703 sqq.
395 631 497 688 eundem
508 631 635 688 traianum
646 646 702 698 cum
714 632 824 703 Aegypto
835 632 939 695 retinens
950 632 1103 689 nihilominus
1114 649 1180 704 poe·

194 726 245 774 tam
255 717 337 772 nescio
351 717 446 788 quando
457 715 481 770 in
492 714 576 770 urbem
588 730 710 770 reversum
720 715 835 786 reiquam
845 716 918 770 vitam
928 717 952 770 iu
965 717 1095 772 Tiburtinis
1104 733 1180 788 prae-

195 803 240 858 diis
257 801 353 872 degisse
368 799 465 864 statuit,
484 813 571 869 nempe
581 800 651 854 venia
665 798 695 853 ab
707 799 850 869 imperatore
861 806 958 871 accepta
974 801 1179 873 reconciliataque

194 885 288 960 gratia,
306 883 375 938 errius
385 884 420 938 rei
429 898 461 938 nc
470 883 600 956 vestigium
611 883 707 954 quidem
725 884 787 953 apud
798 890 890 940 veteres
901 891 1011 940 auctores
1022 892 1114 949 exstat;
1131 885 1178 940 sed

195 966 409 1038 nchrtzbergius
428 966 539 1039 quidem,
558 967 599 1038 qui
616 967 641 1022 in
652 964 828 1022 Schneidewini
839 966 966 1040 Philologo
983 968 1011 1022 Τ.
1024 969 1059 1034 ΙΙ,
1076 984 1101 1039 p.
1121 970 1177 1026 579

195 1053 310 1124 reliquam
321 1056 428 1106 nostram
439 1050 624 1120 disputationem
635 1066 733 1107 assemn
744 1067 789 1106 suo
800 1052 916 1122 probavit,
926 1054 1062 1123 Aegyptum
1070 1052 1177 1108 abiicere

195 1151 267 1193 ausus
280 1140 328 1197 ost,
341 1149 387 1189 nec
397 1134 565 1207 Bernhardyus
576 1134 702 1190 Grundriss
720 1135 763 1191 der
772 1143 832 1190 rom.
845 1135 893 1190 Lit.
907 1152 930 1205 p.
943 1140 995 1194 sot
1005 1151 1018 1190 a
1029 1143 1110 1192 vetere
1121 1137 1177 1206 opi·

194 1221 266 1276 nione
275 1218 392 1284 discessit,
404 1218 429 1273 in
442 1234 491 1290 quo
502 1219 561 1275 illud
571 1221 675 1280 maxime
688 1220 767 1284 miror,
779 1220 844 1291 quod
854 1219 895 1290 qui
912 1226 1017 1276 nostram
1029 1221 1177 1275 sententiam

194 1303 314 1360 historicis
324 1302 484 1358 fundamentis
496 1317 577 1359 carere
588 1310 675 1375 negat,
693 1303 760 1358 nullo
771 1309 869 1359 auctore
883 1303 1027 1359 Hadrianum
1039 1320 1052 1358 a
1062 1304 1177 1359 Iuvenale

195 1388 313 1446 offensum
324 1400 378 1442 esse
387 1401 483 1441 narrare
493 1403 542 1443 non
559 1387 661 1443 dubitat.
684 1387 714 1442 m
727 1387 899 1460 Hertzhergius
912 1388 1007 1459 quidem
1019 1386 1177 1444 Caledoniam

195 1472 279 1528 eodem
295 1478 438 1542 argumento
449 1471 589 1543 impugnat,
611 1489 658 1543 quo
676 1472 724 1526 iarn
734 1470 868 1527 antrerus
885 1472 909 1526 in
920 1471 994 1526 Iahnii
1005 1471 1178 1528 nativitato

194 1557 222 1611 T.
235 1555 272 1623 Vl,
285 1569 310 1624 p.
324 1556 376 1612 374
386 1571 439 1626 sqq.
453 1556 570 1628 confugit,
581 1555 623 1610 ubi
635 1571 710 1626 quum
722 1556 818 1611 omnino
830 1555 947 1611 luvenalis
958 1555 1055 1610 exilium
1066 1570 1080 1609 a
1091 1569 1177 1626 gram-

194 1639 289 1694 maticis
299 1652 329 1692 ex
346 1637 407 1692 locis
424 1644 510 1707 poetae
526 1638 589 1692 male
606 1638 733 1693 intellectis
743 1638 826 1693 fictum
836 1653 889 1692 esse
900 1637 1043 1703 contendat,
1062 1637 1178 1694 Scoticae

195 1736 290 1794 quoque
300 1720 399 1776 militias
410 1721 498 1776 lamam
508 1735 539 1776 eu
548 1719 598 1775 Sat.
611 1721 645 1776 ll.
659 1725 709 1780 159
718 1722 812 1777 -161
826 1721 944 1792 originem
960 1722 1177 1792 duxissesuspica-

196 1822 246 1867 tum
264 1804 321 1859 huic
332 1811 412 1860 tamen
429 1805 493 1876 quod
507 1805 537 1859 de
548 1804 659 1876 Aegypto
675 1804 777 1859 libenter
793 1804 913 1869 concedo,
930 1821 1001 1876 quam
1018 1807 1059 1877 qui
1075 1813 1177 1876 poetam

195 1889 281 1945 adiisse
291 1888 316 1943 in
326 1887 398 1944 satira
407 1888 452 1942 sub
467 1889 545 1958 ipsum
555 1887 617 1943 ritae
627 1887 699 1942 linem
714 1890 805 1958 scripta
818 1889 930 1960 legisset.
946 1889 1034 1944 ibidem
1047 1905 1103 1944 eum
1114 1906 1178 1946 euu-

194 1974 256 2030 lasse
270 1971 340 2028 iacile
351 1973 458 2044 collegit,
470 1973 494 2028 id
505 1973 529 2027 in
540 1971 665 2027 lubernam
675 1978 700 2026 et
711 1969 815 2028 Orcadas
826 1973 911 2028 cadere
922 1988 1018 2042 prorsus
1029 1987 1102 2045 nego,
1114 1989 1177 2044 quas

194 2072 272 2128 neque
282 2056 379 2111 easdem
398 2071 454 2112 cum
466 2055 548 2112 Scotia
568 2056 740 2128 grammaticus
755 2054 845 2111 habere
860 2061 955 2126 poterat
970 2072 1048 2127 neque
1057 2058 1090 2111 ita
1101 2064 1177 2127 poeta

195 2146 320 2204 memorat,
332 2146 359 2195 ut
365 2154 447 2195 coram
456 2140 501 2195 sibi
512 2146 582 2195 noms
592 2139 727 2211 significet;
737 2139 788 2194 sive
797 2139 907 2195 miniom
913 2139 1084 2196 Britanno-roo
1093 2147 1177 2196 rmctre

195 2228 274 2295 ipsum
284 2223 371 2278 vidisse
386 2223 442 2278 inde
454 2224 569 2294 colligere
587 2222 657 2287 licet,
672 2223 757 2278 eodem
773 2229 839 2278 certo
854 2223 918 2290 iure,
934 2239 981 2295 quo
1001 2223 1176 2296 Hertzbergius

195 2307 366 2380 Aegyptiacam
377 2312 463 2376 poetae
474 2307 690 2377 peregrinationem
702 2306 732 2361 ad
743 2306 807 2361 exilii
819 2306 869 2360 eius
880 2306 1081 2377 significationem
1093 2308 1176 2363 detor·

195 2391 238 2457 sit,
256 2391 302 2445 iter
312 2390 476 2446 Britannicum
486 2391 511 2445 in
524 2389 634 2444 Scoticae
647 2390 744 2445 militiae
757 2390 921 2445 testimonium
932 2390 1105 2448 adhibebimus.
1132 2393 1176 2447 lli·

194 2475 310 2531 storicum
321 2479 401 2528 autem
417 2473 488 2528 huius
505 2474 686 2529 fundamentum
702 2474 742 2545 qui
753 2473 885 2538 desiderat,
904 2474 1008 2529 solidum
1025 2490 1053 2530 ac
1063 2484 1174 2546 paratum

194 2559 334 2615 invenietin
349 2557 420 2612 titulo
430 2557 516 2629 Aquini
532 2558 557 2612 in
574 2559 625 2628 ipsa
641 2557 758 2613 luvenalis
772 2557 848 2627 patria
864 2564 971 2627 reperto,
990 2559 1014 2614 in
1031 2573 1103 2630 quem
1124 2561 1175 2613 iam

194 2643 328 2714 Pinzgerus
338 2642 363 2696 in
374 2640 475 2711 Ephem.
489 2642 551 2697 liter.
571 2641 665 2697 lenens.
680 2643 747 2701 1823
758 2641 788 2696 Ν.
803 2644 837 2697 13
850 2642 997 2698 eruditorum
1008 2642 1101 2697 animos
1112 2658 1173 2698 con·

195 2727 273 2790 uertit,
285 2726 370 2781 eodem
381 2731 461 2781 tamur
473 2741 544 2781 nomo
558 2742 617 2781 usus
627 2733 664 2780 est
675 2732 769 2796 praeter
779 2725 899 2780 Banerum
909 2725 934 2781 in
945 2726 1025 2781 libello
1037 2726 1077 2796 qui
1089 2727 1174 2782 inseri·

195 2809 260 2867 bitur
274 2809 590 2882 KritischeBomerhnngen
606 2809 666 2865 dher
685 2810 766 2881 einige
783 2809 942 2865 Nachn'chten
959 2826 1002 2865 aus
1019 2810 1075 2864 dem
1091 2808 1173 2864 chen

194 2895 318 2959 iuvencis,
335 2893 498 2966 Regensburg
514 2897 591 2952 1833.
607 2895 638 2958 8,
655 2909 681 2964 p.
694 2895 743 2958 38;
762 2894 830 2966 isque
840 2909 914 2965 anrm
930 2894 1075 2949 inuniversa
1086 2901 1174 2963 poetae

195 2979 243 3033 vita
261 2978 416 3034 describenda
431 2985 483 3033 tum
499 2978 524 3032 in
540 2978 588 3032 hoc
600 2978 677 3048 lapide
695 2977 727 3032 ita
744 2993 757 3032 a
775 2993 831 3033 vero
844 2978 974 3046 aberravit,
992 2983 1020 3033 ut
1030 2992 1101 3049 quem
1113 2976 1174 3032 Divi

198 3061 340 3133 Vespasiani
354 3061 476 3116 flaminem
491 3061 606 3132 perscribi
620 3062 738 3135 legimus,
760 3076 816 3117 enm
825 3062 870 3118 sub
881 3061 1024 3132 Vespasiano
1040 3060 1078 3116 bis
1094 3060 1173 3115 flami·

194 3160 250 3202 nem
261 3145 335 3200 luisse
344 3153 450 3200 narraret
459 3161 537 3219 eoque
549 3146 614 3202 iacto
625 3147 774 3213 iuvenalem,
791 3161 863 3218 quem
880 3161 902 3202 a.
916 3149 952 3204 84
962 3161 987 3215 p.
997 3145 1055 3201 Chr.
1066 3142 1112 3198 sub
1123 3145 1173 3200 Do·

195 3229 293 3285 mitiano
304 3229 431 3285 stationem
443 3231 584 3304 inbegypto
596 3231 709 3287 habuisse
719 3246 751 3286 ex
760 3245 831 3301 praua
837 3228 890 3285 Sat.
898 3228 948 3284 XV.
954 3229 1058 3284 lectione
1068 3230 1172 3283 somnia·

194 3314 240 3378 vit,
252 3313 307 3385 quia
323 3315 371 3370 iam
382 3315 435 3370 vivo
454 3315 524 3372 huius
540 3322 608 3386 patre
624 3315 718 3372 cohorti
732 3314 896 3369 Delmatarum
910 3313 1063 3383 praefuisset,
1082 3312 1120 3366 rel
1136 3313 1170 3367 bis

194 3397 279 3453 militia
286 3399 647 3473 iunctumstatuerecogeretnr.
669 3398 717 3455 Sed
727 3394 1171 3467 hashailuoinationesverboauigisso

193 3481 312 3538 suffic-iat:
330 3483 405 3555 ipsius
413 3485 488 3550 tituli.
501 3499 573 3557 quem
582 3490 638 3555 post
651 3481 783 3540 Orlandum
792 3480 899 3550 aliosque
910 3478 1087 3536 accuratissime
1097 3493 1171 3550 nuper
