<?xml version="1.0" encoding="UTF-8"?>
<!DOCTYPE html PUBLIC "-//W3C//DTD XHTML 1.0 Transitional//EN"
    "http://www.w3.org/TR/xhtml1/DTD/xhtml1-transitional.dtd">
<html xmlns="http://www.w3.org/1999/xhtml" xml:lang="en" lang="en">
 <head>
  <title>
</title>
<meta http-equiv="Content-Type" content="text/html;charset=utf-8" />
  <meta name='ocr-system' content='tesseract 3.04.00' />
  <meta name='ocr-capabilities' content='ocr_page ocr_carea ocr_par ocr_line ocrx_word'/>
</head>
<body>
  <div class='ocr_page' id='page_1' title='image "./satirarumlibriq02juvegoog_0042.png"; bbox 0 0 2444 3984; ppageno 0'>
   <div class='ocr_carea' id='block_1_1' title="bbox 407 225 625 273">
    <p class='ocr_par' dir='ltr' id='par_1_1' title="bbox 407 225 625 273">
     <span class='ocr_line' id='line_1_1' title="bbox 407 225 625 273; baseline -0.005 0"><span class='ocrx_word' id='word_1_1' title='bbox 407 259 408 264; x_wconf 62' lang='lat'><strong>,</strong></span> <span class='ocrx_word' id='word_1_2' title='bbox 442 225 566 273; x_wconf 77' lang='lat' dir='ltr'><strong>sd&#39;rttta</strong></span> <span class='ocrx_word' id='word_1_3' title='bbox 588 226 625 273; x_wconf 89' lang='lat'><strong>11.</strong></span> 
     </span>
    </p>
   </div>
   <div class='ocr_carea' id='block_1_2' title="bbox 9 363 1044 3290">
    <p class='ocr_par' dir='ltr' id='par_1_2' title="bbox 94 363 835 442">
     <span class='ocr_line' id='line_1_2' title="bbox 94 363 835 442; baseline -0.004 -16"><span class='ocrx_word' id='word_1_4' title='bbox 94 365 169 426; x_wconf 88' lang='lat' dir='ltr'><strong>Non</strong></span> <span class='ocrx_word' id='word_1_5' title='bbox 188 363 252 426; x_wconf 90' lang='lat' dir='ltr'><strong>tulit</strong></span> <span class='ocrx_word' id='word_1_6' title='bbox 275 383 312 426; x_wconf 82' lang='lat' dir='ltr'><strong>ex</strong></span> <span class='ocrx_word' id='word_1_7' title='bbox 334 364 393 424; x_wconf 90' lang='lat' dir='ltr'><strong>illis</strong></span> <span class='ocrx_word' id='word_1_8' title='bbox 414 372 526 424; x_wconf 89' lang='lat' dir='ltr'><strong>torvum</strong></span> <span class='ocrx_word' id='word_1_9' title='bbox 548 363 670 424; x_wconf 83' lang='lat' dir='ltr'><strong>haronia</strong></span> <span class='ocrx_word' id='word_1_10' title='bbox 692 363 835 442; x_wconf 83' lang='lat' dir='ltr'><strong>quendam</strong></span> 
     </span>
    </p>

    <p class='ocr_par' dir='ltr' id='par_1_3' title="bbox 9 443 854 512">
     <span class='ocr_line' id='line_1_3' title="bbox 9 443 854 512; baseline -0.007 0"><span class='ocrx_word' id='word_1_11' title='bbox 9 449 221 512; x_wconf 67' lang='lat' dir='ltr'><strong>clamantem</strong></span> <span class='ocrx_word' id='word_1_12' title='bbox 244 450 348 508; x_wconf 82' lang='lat' dir='ltr'><strong>toties:</strong></span> <span class='ocrx_word' id='word_1_13' title='bbox 372 446 420 507; x_wconf 94' lang='lat' dir='ltr'><strong>uhi</strong></span> <span class='ocrx_word' id='word_1_14' title='bbox 442 466 516 508; x_wconf 91' lang='lat' dir='ltr'><strong>nunc</strong></span> <span class='ocrx_word' id='word_1_15' title='bbox 537 447 587 506; x_wconf 90' lang='lat' dir='ltr'><strong>lex</strong></span> <span class='ocrx_word' id='word_1_16' title='bbox 608 443 701 508; x_wconf 81' lang='lat' dir='ltr'><strong>Iulia?</strong></span> <span class='ocrx_word' id='word_1_17' title='bbox 725 445 854 507; x_wconf 83' lang='lat' dir='ltr'><strong>dormis?</strong></span> 
     </span>
    </p>

    <p class='ocr_par' dir='ltr' id='par_1_4' title="bbox 29 524 935 694">
     <span class='ocr_line' id='line_1_4' title="bbox 30 524 935 613; baseline -0.007 -19"><span class='ocrx_word' id='word_1_18' title='bbox 30 537 136 613; x_wconf 81' lang='lat' dir='ltr'><strong>Atque</strong></span> <span class='ocrx_word' id='word_1_19' title='bbox 161 535 200 593; x_wconf 91' lang='lat' dir='ltr'><strong>ita</strong></span> <span class='ocrx_word' id='word_1_20' title='bbox 221 524 390 592; x_wconf 81' lang='lat' dir='ltr'><strong>subridens:</strong></span> <span class='ocrx_word' id='word_1_21' title='bbox 414 529 524 591; x_wconf 85' lang='lat' dir='ltr'><strong>Felicia</strong></span> <span class='ocrx_word' id='word_1_22' title='bbox 545 541 693 609; x_wconf 91' lang='lat' dir='ltr'><strong>tempora,</strong></span> <span class='ocrx_word' id='word_1_23' title='bbox 717 547 792 610; x_wconf 87' lang='lat' dir='ltr'><strong>quae</strong></span> <span class='ocrx_word' id='word_1_24' title='bbox 815 540 844 590; x_wconf 90' lang='lat' dir='ltr'><strong>te</strong></span> <span class='ocrx_word' id='word_1_25' title='bbox 934 583 935 588; x_wconf 73' lang='grc'>,</span> 
     </span>
     <span class='ocr_line' id='line_1_5' title="bbox 29 614 857 694; baseline -0.005 -16"><span class='ocrx_word' id='word_1_26' title='bbox 29 617 171 688; x_wconf 84' lang='lat' dir='ltr'><strong>Moribus</strong></span> <span class='ocrx_word' id='word_1_27' title='bbox 194 615 357 694; x_wconf 89' lang='lat' dir='ltr'><strong>opponunt!</strong></span> <span class='ocrx_word' id='word_1_28' title='bbox 381 614 488 676; x_wconf 89' lang='lat' dir='ltr'><strong>haheat</strong></span> <span class='ocrx_word' id='word_1_29' title='bbox 507 617 563 674; x_wconf 87' lang='lat' dir='ltr'><strong>iam</strong></span> <span class='ocrx_word' id='word_1_30' title='bbox 585 614 676 674; x_wconf 86' lang='lat' dir='ltr'><strong>Roma</strong></span> <span class='ocrx_word' id='word_1_31' title='bbox 699 614 857 693; x_wconf 88' lang='lat' dir='ltr'><strong>pudorem;</strong></span> 
     </span>
    </p>

    <p class='ocr_par' dir='ltr' id='par_1_5' title="bbox 29 695 1030 863">
     <span class='ocr_line' id='line_1_6' title="bbox 29 695 1030 762; baseline 0.002 -2"><span class='ocrx_word' id='word_1_32' title='bbox 29 702 157 761; x_wconf 82' lang='lat' dir='ltr'><strong>Tertius</strong></span> <span class='ocrx_word' id='word_1_33' title='bbox 180 717 197 759; x_wconf 90' lang='lat' dir='ltr'><strong>e</strong></span> <span class='ocrx_word' id='word_1_34' title='bbox 220 699 307 759; x_wconf 89' lang='lat' dir='ltr'><strong>coelo</strong></span> <span class='ocrx_word' id='word_1_35' title='bbox 330 699 435 759; x_wconf 87' lang='lat' dir='ltr'><strong>cecidit</strong></span> <span class='ocrx_word' id='word_1_36' title='bbox 458 695 548 759; x_wconf 83' lang='lat' dir='ltr'><strong>Gato!</strong></span> <span class='ocrx_word' id='word_1_37' title='bbox 569 698 622 758; x_wconf 88' lang='lat' dir='ltr'><strong>sed</strong></span> <span class='ocrx_word' id='word_1_38' title='bbox 640 707 737 758; x_wconf 91' lang='lat' dir='ltr'><strong>tamen</strong></span> <span class='ocrx_word' id='word_1_39' title='bbox 759 698 833 758; x_wconf 92' lang='lat' dir='ltr'><strong>unde</strong></span> <span class='ocrx_word' id='word_1_40' title='bbox 994 709 1030 762; x_wconf 79' lang='lat' dir='ltr'><strong>to</strong></span> 
     </span>
     <span class='ocr_line' id='line_1_7' title="bbox 31 782 818 863; baseline -0.005 -17"><span class='ocrx_word' id='word_1_41' title='bbox 31 785 119 846; x_wconf 85' lang='lat' dir='ltr'><strong>llaec</strong></span> <span class='ocrx_word' id='word_1_42' title='bbox 143 785 234 859; x_wconf 89' lang='lat' dir='ltr'><strong>emis,</strong></span> <span class='ocrx_word' id='word_1_43' title='bbox 258 783 368 843; x_wconf 89' lang='lat' dir='ltr'><strong>hirsuto</strong></span> <span class='ocrx_word' id='word_1_44' title='bbox 391 784 501 863; x_wconf 83' lang='lat' dir='ltr'>spirant</span> <span class='ocrx_word' id='word_1_45' title='bbox 523 782 712 860; x_wconf 88' lang='lat' dir='ltr'><strong>opobalsama</strong></span> <span class='ocrx_word' id='word_1_46' title='bbox 733 782 818 856; x_wconf 88' lang='lat' dir='ltr'><strong>collo</strong></span> 
     </span>
    </p>

    <p class='ocr_par' dir='ltr' id='par_1_6' title="bbox 32 863 923 1028">
     <span class='ocr_line' id='line_1_8' title="bbox 32 863 923 945; baseline -0.003 -17"><span class='ocrx_word' id='word_1_47' title='bbox 32 869 121 942; x_wconf 84' lang='lat' dir='ltr'><strong>Quae</strong></span> <span class='ocrx_word' id='word_1_48' title='bbox 145 863 219 927; x_wconf 78' lang='lat' dir='ltr'><strong>tihi?</strong></span> <span class='ocrx_word' id='word_1_49' title='bbox 240 885 277 927; x_wconf 92' lang='lat' dir='ltr'><strong>ne</strong></span> <span class='ocrx_word' id='word_1_50' title='bbox 299 867 406 945; x_wconf 87' lang='lat' dir='ltr'><strong>pudeat</strong></span> <span class='ocrx_word' id='word_1_51' title='bbox 427 865 569 926; x_wconf 90' lang='lat' dir='ltr'><strong>dominum</strong></span> <span class='ocrx_word' id='word_1_52' title='bbox 590 875 752 927; x_wconf 90' lang='lat' dir='ltr'><strong>monstrare</strong></span> <span class='ocrx_word' id='word_1_53' title='bbox 774 866 923 926; x_wconf 88' lang='lat' dir='ltr'><strong>tabernae.</strong></span> 
     </span>
     <span class='ocr_line' id='line_1_9' title="bbox 35 951 692 1028; baseline -0.005 -16"><span class='ocrx_word' id='word_1_54' title='bbox 35 951 126 1026; x_wconf 86' lang='lat' dir='ltr'><strong>Quod</strong></span> <span class='ocrx_word' id='word_1_55' title='bbox 149 953 174 1011; x_wconf 94' lang='lat' dir='ltr'><strong>si</strong></span> <span class='ocrx_word' id='word_1_56' title='bbox 191 959 333 1011; x_wconf 84' lang='lat' dir='ltr'><strong>vexantur</strong></span> <span class='ocrx_word' id='word_1_57' title='bbox 354 951 454 1028; x_wconf 80' lang='lat' dir='ltr'><strong>leges,</strong></span> <span class='ocrx_word' id='word_1_58' title='bbox 475 959 503 1011; x_wconf 92' lang='lat' dir='ltr'><strong>at</strong></span> <span class='ocrx_word' id='word_1_59' title='bbox 526 952 596 1011; x_wconf 83' lang='lat' dir='ltr'><strong>iura</strong></span> <span class='ocrx_word' id='word_1_60' title='bbox 610 952 692 1011; x_wconf 87' lang='lat' dir='ltr'><strong>citari</strong></span> 
     </span>
    </p>

    <p class='ocr_par' dir='ltr' id='par_1_7' title="bbox 34 1033 822 1113">
     <span class='ocr_line' id='line_1_10' title="bbox 34 1033 822 1113; baseline -0.004 -18"><span class='ocrx_word' id='word_1_61' title='bbox 34 1035 115 1095; x_wconf 82' lang='lat' dir='ltr'><strong>Ante</strong></span> <span class='ocrx_word' id='word_1_62' title='bbox 139 1051 241 1094; x_wconf 90' lang='lat' dir='ltr'><strong>omues</strong></span> <span class='ocrx_word' id='word_1_63' title='bbox 262 1033 350 1094; x_wconf 92' lang='lat' dir='ltr'><strong>dehet</strong></span> <span class='ocrx_word' id='word_1_64' title='bbox 366 1035 529 1106; x_wconf 79' lang='lat' dir='ltr'><strong>Scantinia3</strong></span> <span class='ocrx_word' id='word_1_65' title='bbox 565 1035 682 1113; x_wconf 80' lang='lat' dir='ltr'><strong>respice</strong></span> <span class='ocrx_word' id='word_1_66' title='bbox 702 1035 822 1113; x_wconf 88' lang='lat' dir='ltr'><strong>primum</strong></span> 
     </span>
    </p>

    <p class='ocr_par' dir='ltr' id='par_1_8' title="bbox 34 1116 1030 1280">
     <span class='ocr_line' id='line_1_11' title="bbox 34 1116 1030 1196; baseline 0.003 -18"><span class='ocrx_word' id='word_1_67' title='bbox 34 1119 73 1180; x_wconf 83' lang='lat' dir='ltr'><strong>Et</strong></span> <span class='ocrx_word' id='word_1_68' title='bbox 95 1127 232 1180; x_wconf 88' lang='lat' dir='ltr'><strong>scrutare</strong></span> <span class='ocrx_word' id='word_1_69' title='bbox 251 1119 350 1179; x_wconf 91' lang='lat' dir='ltr'><strong>viros:</strong></span> <span class='ocrx_word' id='word_1_70' title='bbox 371 1118 481 1178; x_wconf 86' lang='lat' dir='ltr'><strong>iaciunt</strong></span> <span class='ocrx_word' id='word_1_71' title='bbox 504 1117 533 1177; x_wconf 94' lang='lat' dir='ltr'><strong>hi</strong></span> <span class='ocrx_word' id='word_1_72' title='bbox 554 1118 654 1196; x_wconf 84' lang='lat' dir='ltr'><strong>plura,</strong></span> <span class='ocrx_word' id='word_1_73' title='bbox 668 1117 730 1178; x_wconf 69' lang='lat' dir='ltr'><strong>⁴sed</strong></span> <span class='ocrx_word' id='word_1_74' title='bbox 750 1116 818 1178; x_wconf 92' lang='lat' dir='ltr'><strong>illos</strong></span> <span class='ocrx_word' id='word_1_75' title='bbox 945 1134 947 1138; x_wconf 76' lang='grc'>’</span> <span class='ocrx_word' id='word_1_76' title='bbox 990 1129 1030 1181; x_wconf 75' lang='lat' dir='ltr'><strong>-ta</strong></span> 
     </span>
     <span class='ocr_line' id='line_1_12' title="bbox 36 1201 875 1280; baseline -0.004 -18"><span class='ocrx_word' id='word_1_77' title='bbox 36 1202 180 1264; x_wconf 75' lang='lat' dir='ltr'>Defendit</span> <span class='ocrx_word' id='word_1_78' title='bbox 201 1219 336 1262; x_wconf 92' lang='lat' dir='ltr'><strong>numerus</strong></span> <span class='ocrx_word' id='word_1_79' title='bbox 359 1204 533 1280; x_wconf 88' lang='lat' dir='ltr'><strong>iunctaeque</strong></span> <span class='ocrx_word' id='word_1_80' title='bbox 555 1202 681 1262; x_wconf 89' lang='lat' dir='ltr'><strong>umbone</strong></span> <span class='ocrx_word' id='word_1_81' title='bbox 704 1201 875 1280; x_wconf 80' lang='lat' dir='ltr'><strong>phalanges.</strong></span> 
     </span>
    </p>

    <p class='ocr_par' dir='ltr' id='par_1_9' title="bbox 36 1284 829 1364">
     <span class='ocr_line' id='line_1_13' title="bbox 36 1284 829 1364; baseline -0.004 -18"><span class='ocrx_word' id='word_1_82' title='bbox 36 1285 144 1364; x_wconf 84' lang='lat' dir='ltr'><strong>lllagna</strong></span> <span class='ocrx_word' id='word_1_83' title='bbox 167 1287 243 1346; x_wconf 89' lang='lat' dir='ltr'><strong>inter</strong></span> <span class='ocrx_word' id='word_1_84' title='bbox 263 1286 369 1357; x_wconf 79' lang='lat' dir='ltr'><strong>molles</strong></span> <span class='ocrx_word' id='word_1_85' title='bbox 391 1286 563 1355; x_wconf 73' lang='lat' dir='ltr'><strong>concordia:</strong></span> <span class='ocrx_word' id='word_1_86' title='bbox 586 1287 719 1346; x_wconf 87' lang='lat' dir='ltr'><strong>nouerit</strong></span> <span class='ocrx_word' id='word_1_87' title='bbox 741 1284 829 1345; x_wconf 91' lang='lat' dir='ltr'><strong>ullum</strong></span> 
     </span>
    </p>

    <p class='ocr_par' dir='ltr' id='par_1_10' title="bbox 37 1369 761 1448">
     <span class='ocr_line' id='line_1_14' title="bbox 37 1369 761 1448; baseline -0.006 -18"><span class='ocrx_word' id='word_1_88' title='bbox 37 1369 215 1448; x_wconf 83' lang='lat' dir='ltr'><strong>Exemplum</strong></span> <span class='ocrx_word' id='word_1_89' title='bbox 238 1371 266 1429; x_wconf 92' lang='lat' dir='ltr'><strong>in</strong></span> <span class='ocrx_word' id='word_1_90' title='bbox 287 1379 388 1430; x_wconf 93' lang='lat' dir='ltr'><strong>nostro</strong></span> <span class='ocrx_word' id='word_1_91' title='bbox 410 1380 467 1430; x_wconf 91' lang='lat' dir='ltr'><strong>tam</strong></span> <span class='ocrx_word' id='word_1_92' title='bbox 487 1369 662 1430; x_wconf 77' lang='lat' dir='ltr'><strong>detestabile</strong></span> <span class='ocrx_word' id='word_1_93' title='bbox 679 1387 761 1429; x_wconf 88' lang='lat' dir='ltr'><strong>sexu.</strong></span> 
     </span>
    </p>

    <p class='ocr_par' dir='ltr' id='par_1_11' title="bbox 40 1450 855 1526">
     <span class='ocr_line' id='line_1_15' title="bbox 40 1450 855 1526; baseline -0.005 -13"><span class='ocrx_word' id='word_1_94' title='bbox 40 1452 133 1515; x_wconf 88' lang='lat' dir='ltr'><strong>Vedia</strong></span> <span class='ocrx_word' id='word_1_95' title='bbox 154 1471 213 1514; x_wconf 90' lang='lat' dir='ltr'><strong>non</strong></span> <span class='ocrx_word' id='word_1_96' title='bbox 234 1453 334 1526; x_wconf 81' lang='lat' dir='ltr'><strong>lambit</strong></span> <span class='ocrx_word' id='word_1_97' title='bbox 357 1451 488 1514; x_wconf 82' lang='lat' dir='ltr'><strong>claviam</strong></span> <span class='ocrx_word' id='word_1_98' title='bbox 510 1472 565 1513; x_wconf 91' lang='lat' dir='ltr'><strong>nec</strong></span> <span class='ocrx_word' id='word_1_99' title='bbox 587 1451 674 1513; x_wconf 84' lang='lat' dir='ltr'><strong>Flora</strong></span> <span class='ocrx_word' id='word_1_100' title='bbox 698 1450 855 1511; x_wconf 84' lang='lat' dir='ltr'><strong>Catullum:</strong></span> 
     </span>
    </p>

    <p class='ocr_par' dir='ltr' id='par_1_12' title="bbox 37 1535 1032 1701">
     <span class='ocr_line' id='line_1_16' title="bbox 37 1535 1032 1618; baseline 0.001 -20"><span class='ocrx_word' id='word_1_101' title='bbox 37 1538 131 1618; x_wconf 89' lang='lat' dir='ltr'><strong>llispo</strong></span> <span class='ocrx_word' id='word_1_102' title='bbox 152 1537 229 1598; x_wconf 80' lang='lat' dir='ltr'>subit</span> <span class='ocrx_word' id='word_1_103' title='bbox 247 1539 367 1597; x_wconf 88' lang='lat' dir='ltr'><strong>iuvenes</strong></span> <span class='ocrx_word' id='word_1_104' title='bbox 390 1546 420 1598; x_wconf 89' lang='lat' dir='ltr'><strong>at</strong></span> <span class='ocrx_word' id='word_1_105' title='bbox 441 1536 542 1597; x_wconf 88' lang='lat' dir='ltr'><strong>morbo</strong></span> <span class='ocrx_word' id='word_1_106' title='bbox 560 1535 652 1615; x_wconf 88' lang='lat' dir='ltr'><strong>pallet</strong></span> <span class='ocrx_word' id='word_1_107' title='bbox 673 1545 807 1613; x_wconf 84' lang='lat' dir='ltr'><strong>utroque.</strong></span> <span class='ocrx_word' id='word_1_108' title='bbox 997 1547 1032 1599; x_wconf 83' lang='lat'><strong>50</strong></span> 
     </span>
     <span class='ocr_line' id='line_1_17' title="bbox 38 1621 743 1701; baseline 0 -20"><span class='ocrx_word' id='word_1_109' title='bbox 38 1621 184 1701; x_wconf 85' lang='lat' dir='ltr'><strong>Numquid</strong></span> <span class='ocrx_word' id='word_1_110' title='bbox 206 1639 260 1681; x_wconf 89' lang='lat' dir='ltr'><strong>nos</strong></span> <span class='ocrx_word' id='word_1_111' title='bbox 283 1623 394 1699; x_wconf 84' lang='lat' dir='ltr'><strong>agimus</strong></span> <span class='ocrx_word' id='word_1_112' title='bbox 418 1639 538 1697; x_wconf 89' lang='lat' dir='ltr'><strong>causas,</strong></span> <span class='ocrx_word' id='word_1_113' title='bbox 562 1621 658 1681; x_wconf 88' lang='lat' dir='ltr'><strong>civilia</strong></span> <span class='ocrx_word' id='word_1_114' title='bbox 681 1621 743 1681; x_wconf 89' lang='lat' dir='ltr'><strong>iura</strong></span> 
     </span>
    </p>

    <p class='ocr_par' dir='ltr' id='par_1_13' title="bbox 39 1699 890 1870">
     <span class='ocr_line' id='line_1_18' title="bbox 39 1699 890 1784; baseline -0.001 -20"><span class='ocrx_word' id='word_1_115' title='bbox 39 1705 195 1781; x_wconf 85' lang='lat' dir='ltr'><strong>Novimus,</strong></span> <span class='ocrx_word' id='word_1_116' title='bbox 217 1713 265 1766; x_wconf 91' lang='lat' dir='ltr'><strong>aut</strong></span> <span class='ocrx_word' id='word_1_117' title='bbox 286 1705 347 1765; x_wconf 92' lang='lat' dir='ltr'><strong>ullo</strong></span> <span class='ocrx_word' id='word_1_118' title='bbox 369 1707 493 1784; x_wconf 90' lang='lat' dir='ltr'><strong>strepitu</strong></span> <span class='ocrx_word' id='word_1_119' title='bbox 515 1705 578 1765; x_wconf 83' lang='lat' dir='ltr'><strong>lora</strong></span> <span class='ocrx_word' id='word_1_120' title='bbox 599 1713 699 1765; x_wconf 82' lang='lat' dir='ltr'><strong>vestra</strong></span> <span class='ocrx_word' id='word_1_121' title='bbox 721 1699 890 1764; x_wconf 72' lang='lat' dir='ltr'><strong>movemus?</strong></span> 
     </span>
     <span class='ocr_line' id='line_1_19' title="bbox 40 1788 821 1870; baseline -0.001 -21"><span class='ocrx_word' id='word_1_122' title='bbox 40 1788 197 1850; x_wconf 78' lang='lat' dir='ltr'><strong>luctantur</strong></span> <span class='ocrx_word' id='word_1_123' title='bbox 220 1807 347 1868; x_wconf 85' lang='lat' dir='ltr'><strong>paucae,</strong></span> <span class='ocrx_word' id='word_1_124' title='bbox 372 1790 524 1851; x_wconf 89' lang='lat' dir='ltr'><strong>comedunt</strong></span> <span class='ocrx_word' id='word_1_125' title='bbox 537 1788 674 1868; x_wconf 77' lang='lat' dir='ltr'><strong>colyphia</strong></span> <span class='ocrx_word' id='word_1_126' title='bbox 694 1805 821 1870; x_wconf 81' lang='lat' dir='ltr'><strong>paucae:</strong></span> 
     </span>
    </p>

    <p class='ocr_par' dir='ltr' id='par_1_14' title="bbox 44 1871 840 1952">
     <span class='ocr_line' id='line_1_20' title="bbox 44 1871 840 1952; baseline -0.001 -21"><span class='ocrx_word' id='word_1_127' title='bbox 44 1871 104 1931; x_wconf 87' lang='lat' dir='ltr'><strong>Vos</strong></span> <span class='ocrx_word' id='word_1_128' title='bbox 127 1873 221 1933; x_wconf 90' lang='lat' dir='ltr'><strong>lanam</strong></span> <span class='ocrx_word' id='word_1_129' title='bbox 244 1873 355 1934; x_wconf 78' lang='lat' dir='ltr'><strong>trahitis</strong></span> <span class='ocrx_word' id='word_1_130' title='bbox 378 1873 559 1952; x_wconf 84' lang='lat' dir='ltr'><strong>calathisque</strong></span> <span class='ocrx_word' id='word_1_131' title='bbox 582 1881 702 1951; x_wconf 86' lang='lat' dir='ltr'><strong>peracta</strong></span> <span class='ocrx_word' id='word_1_132' title='bbox 721 1872 840 1932; x_wconf 84' lang='lat' dir='ltr'><strong>refertis</strong></span> 
     </span>
    </p>

    <p class='ocr_par' dir='ltr' id='par_1_15' title="bbox 42 1954 1031 2118">
     <span class='ocr_line' id='line_1_21' title="bbox 42 1954 1031 2034; baseline 0.004 -20"><span class='ocrx_word' id='word_1_133' title='bbox 42 1956 179 2032; x_wconf 88' lang='lat' dir='ltr'><strong>Vellera,</strong></span> <span class='ocrx_word' id='word_1_134' title='bbox 202 1974 256 2016; x_wconf 84' lang='lat' dir='ltr'><strong>vos</strong></span> <span class='ocrx_word' id='word_1_135' title='bbox 278 1958 357 2016; x_wconf 84' lang='lat' dir='ltr'><strong>tenui</strong></span> <span class='ocrx_word' id='word_1_136' title='bbox 378 1965 568 2034; x_wconf 83' lang='lat' dir='ltr'><strong>praegnatem</strong></span> <span class='ocrx_word' id='word_1_137' title='bbox 590 1958 710 2016; x_wconf 85' lang='lat' dir='ltr'><strong>stamine</strong></span> <span class='ocrx_word' id='word_1_138' title='bbox 733 1954 826 2015; x_wconf 88' lang='lat' dir='ltr'><strong>iusum</strong></span> <span class='ocrx_word' id='word_1_139' title='bbox 963 2023 966 2028; x_wconf 60' lang='grc'><em>,</em></span> <span class='ocrx_word' id='word_1_140' title='bbox 996 1967 1031 2018; x_wconf 80' lang='lat'><strong>55</strong></span> 
     </span>
     <span class='ocr_line' id='line_1_22' title="bbox 43 2039 789 2118; baseline -0.004 -18"><span class='ocrx_word' id='word_1_141' title='bbox 43 2039 191 2118; x_wconf 81' lang='lat' dir='ltr'><strong>Penelope</strong></span> <span class='ocrx_word' id='word_1_142' title='bbox 212 2041 333 2117; x_wconf 88' lang='lat' dir='ltr'><strong>melius,</strong></span> <span class='ocrx_word' id='word_1_143' title='bbox 356 2041 450 2100; x_wconf 92' lang='lat' dir='ltr'><strong>levius</strong></span> <span class='ocrx_word' id='word_1_144' title='bbox 471 2039 789 2118; x_wconf 81' lang='lat' dir='ltr'><strong>torquetis-Arachne,</strong></span> 
     </span>
    </p>

    <p class='ocr_par' dir='ltr' id='par_1_16' title="bbox 44 2122 826 2203">
     <span class='ocr_line' id='line_1_23' title="bbox 44 2122 826 2203; baseline -0.004 -21"><span class='ocrx_word' id='word_1_145' title='bbox 44 2123 166 2184; x_wconf 87' lang='lat' dir='ltr'><strong>Horrida</strong></span> <span class='ocrx_word' id='word_1_146' title='bbox 188 2124 275 2203; x_wconf 90' lang='lat' dir='ltr'><strong>quale</strong></span> <span class='ocrx_word' id='word_1_147' title='bbox 298 2124 367 2185; x_wconf 87' lang='lat' dir='ltr'><strong>lacit</strong></span> <span class='ocrx_word' id='word_1_148' title='bbox 389 2124 523 2184; x_wconf 90' lang='lat' dir='ltr'><strong>residens</strong></span> <span class='ocrx_word' id='word_1_149' title='bbox 544 2125 574 2183; x_wconf 94' lang='lat' dir='ltr'><strong>in</strong></span> <span class='ocrx_word' id='word_1_150' title='bbox 591 2123 695 2184; x_wconf 89' lang='lat' dir='ltr'><strong>codice</strong></span> <span class='ocrx_word' id='word_1_151' title='bbox 717 2122 826 2201; x_wconf 85' lang='lat' dir='ltr'><strong>pellex.</strong></span> 
     </span>
    </p>

    <p class='ocr_par' dir='ltr' id='par_1_17' title="bbox 35 2205 924 2370">
     <span class='ocr_line' id='line_1_24' title="bbox 35 2205 924 2286; baseline -0.003 -19"><span class='ocrx_word' id='word_1_152' title='bbox 35 2205 148 2274; x_wconf 62' lang='lat' dir='ltr'><strong>‚Notum</strong></span> <span class='ocrx_word' id='word_1_153' title='bbox 170 2217 231 2283; x_wconf 89' lang='lat' dir='ltr'><strong>est,</strong></span> <span class='ocrx_word' id='word_1_154' title='bbox 256 2226 307 2268; x_wconf 93' lang='lat' dir='ltr'><strong>cur</strong></span> <span class='ocrx_word' id='word_1_155' title='bbox 329 2208 394 2276; x_wconf 88' lang='lat' dir='ltr'><strong>solo</strong></span> <span class='ocrx_word' id='word_1_156' title='bbox 417 2207 531 2268; x_wconf 87' lang='lat' dir='ltr'><strong>tabulas</strong></span> <span class='ocrx_word' id='word_1_157' title='bbox 552 2208 717 2286; x_wconf 87' lang='lat' dir='ltr'><strong>impleverit</strong></span> <span class='ocrx_word' id='word_1_158' title='bbox 737 2206 836 2268; x_wconf 89' lang='lat' dir='ltr'><strong>llister</strong></span> <span class='ocrx_word' id='word_1_159' title='bbox 923 2247 924 2251; x_wconf 65' lang='lat'><strong>,</strong></span> 
     </span>
     <span class='ocr_line' id='line_1_25' title="bbox 47 2289 743 2370; baseline -0.001 -20"><span class='ocrx_word' id='word_1_160' title='bbox 47 2289 177 2367; x_wconf 81' lang='lat' dir='ltr'><strong>liberto,</strong></span> <span class='ocrx_word' id='word_1_161' title='bbox 200 2292 315 2352; x_wconf 90' lang='lat' dir='ltr'><strong>dederit</strong></span> <span class='ocrx_word' id='word_1_162' title='bbox 335 2293 418 2352; x_wconf 85' lang='lat' dir='ltr'><strong>vivus</strong></span> <span class='ocrx_word' id='word_1_163' title='bbox 439 2309 490 2352; x_wconf 92' lang='lat' dir='ltr'><strong>cur</strong></span> <span class='ocrx_word' id='word_1_164' title='bbox 507 2290 594 2352; x_wconf 91' lang='lat' dir='ltr'><strong>multa</strong></span> <span class='ocrx_word' id='word_1_165' title='bbox 616 2291 743 2370; x_wconf 84' lang='lat' dir='ltr'><strong>puellae.</strong></span> 
     </span>
    </p>

    <p class='ocr_par' dir='ltr' id='par_1_18' title="bbox 48 2374 1029 2538">
     <span class='ocr_line' id='line_1_26' title="bbox 48 2374 1029 2454; baseline 0.004 -21"><span class='ocrx_word' id='word_1_166' title='bbox 48 2374 133 2434; x_wconf 85' lang='lat' dir='ltr'><strong>Dives</strong></span> <span class='ocrx_word' id='word_1_167' title='bbox 155 2376 225 2452; x_wconf 88' lang='lat' dir='ltr'><strong>erit,</strong></span> <span class='ocrx_word' id='word_1_168' title='bbox 244 2392 349 2453; x_wconf 78' lang='lat' dir='ltr'><strong>magno</strong></span> <span class='ocrx_word' id='word_1_169' title='bbox 370 2394 445 2454; x_wconf 89' lang='lat' dir='ltr'><strong>quae</strong></span> <span class='ocrx_word' id='word_1_170' title='bbox 468 2376 571 2436; x_wconf 88' lang='lat' dir='ltr'><strong>dormit</strong></span> <span class='ocrx_word' id='word_1_171' title='bbox 592 2377 677 2436; x_wconf 91' lang='lat' dir='ltr'><strong>tertia</strong></span> <span class='ocrx_word' id='word_1_172' title='bbox 699 2376 787 2436; x_wconf 91' lang='lat' dir='ltr'><strong>lecto.</strong></span> <span class='ocrx_word' id='word_1_173' title='bbox 995 2383 1029 2437; x_wconf 80' lang='lat'><strong>60</strong></span> 
     </span>
     <span class='ocr_line' id='line_1_27' title="bbox 48 2457 826 2538; baseline -0.001 -21"><span class='ocrx_word' id='word_1_174' title='bbox 48 2457 88 2517; x_wconf 85' lang='lat' dir='ltr'><strong>Tu</strong></span> <span class='ocrx_word' id='word_1_175' title='bbox 107 2458 182 2519; x_wconf 89' lang='lat' dir='ltr'><strong>nuho</strong></span> <span class='ocrx_word' id='word_1_176' title='bbox 204 2468 291 2538; x_wconf 90' lang='lat' dir='ltr'><strong>atque</strong></span> <span class='ocrx_word' id='word_1_177' title='bbox 312 2468 395 2520; x_wconf 89' lang='lat' dir='ltr'><strong>tace:</strong></span> <span class='ocrx_word' id='word_1_178' title='bbox 416 2460 522 2520; x_wconf 91' lang='lat' dir='ltr'><strong>donant</strong></span> <span class='ocrx_word' id='word_1_179' title='bbox 542 2479 647 2520; x_wconf 88' lang='lat' dir='ltr'><strong>aroana</strong></span> <span class='ocrx_word' id='word_1_180' title='bbox 669 2459 826 2535; x_wconf 75' lang='lat' dir='ltr'><strong>cylindros.</strong></span> 
     </span>
    </p>

    <p class='ocr_par' dir='ltr' id='par_1_19' title="bbox 49 2541 781 2620">
     <span class='ocr_line' id='line_1_28' title="bbox 49 2541 781 2620; baseline 0.003 -20"><span class='ocrx_word' id='word_1_181' title='bbox 49 2542 90 2601; x_wconf 83' lang='lat' dir='ltr'><strong>lle</strong></span> <span class='ocrx_word' id='word_1_182' title='bbox 111 2541 194 2602; x_wconf 91' lang='lat' dir='ltr'><strong>nohis</strong></span> <span class='ocrx_word' id='word_1_183' title='bbox 215 2551 283 2620; x_wconf 89' lang='lat' dir='ltr'><strong>post</strong></span> <span class='ocrx_word' id='word_1_184' title='bbox 303 2543 379 2603; x_wconf 92' lang='lat' dir='ltr'><strong>haec</strong></span> <span class='ocrx_word' id='word_1_185' title='bbox 399 2544 489 2603; x_wconf 87' lang='lat' dir='ltr'><strong>tristis</strong></span> <span class='ocrx_word' id='word_1_186' title='bbox 512 2546 654 2604; x_wconf 87' lang='lat' dir='ltr'><strong>sententia</strong></span> <span class='ocrx_word' id='word_1_187' title='bbox 675 2543 781 2610; x_wconf 74' lang='lat' dir='ltr'><strong>fertur:</strong></span> 
     </span>
    </p>

    <p class='ocr_par' dir='ltr' id='par_1_20' title="bbox 49 2624 803 2701">
     <span class='ocr_line' id='line_1_29' title="bbox 49 2624 803 2701; baseline -0.003 -17"><span class='ocrx_word' id='word_1_188' title='bbox 49 2624 100 2686; x_wconf 80' lang='lat' dir='ltr'><strong>liat</strong></span> <span class='ocrx_word' id='word_1_189' title='bbox 120 2626 232 2686; x_wconf 88' lang='lat' dir='ltr'><strong>veniam</strong></span> <span class='ocrx_word' id='word_1_190' title='bbox 254 2627 367 2701; x_wconf 78' lang='lat' dir='ltr'><strong>corvis,</strong></span> <span class='ocrx_word' id='word_1_191' title='bbox 390 2636 478 2686; x_wconf 84' lang='lat' dir='ltr'><strong>vexat</strong></span> <span class='ocrx_word' id='word_1_192' title='bbox 500 2645 622 2687; x_wconf 89' lang='lat' dir='ltr'><strong>censura</strong></span> <span class='ocrx_word' id='word_1_193' title='bbox 645 2626 803 2686; x_wconf 88' lang='lat' dir='ltr'><strong>columbas.</strong></span> 
     </span>
    </p>

    <p class='ocr_par' dir='ltr' id='par_1_21' title="bbox 47 2706 1044 2957">
     <span class='ocr_line' id='line_1_30' title="bbox 106 2706 876 2789; baseline 0.004 -22"><span class='ocrx_word' id='word_1_194' title='bbox 106 2706 253 2787; x_wconf 77' lang='lat' dir='ltr'><strong>Fugerunt</strong></span> <span class='ocrx_word' id='word_1_195' title='bbox 274 2709 380 2789; x_wconf 83' lang='lat' dir='ltr'><strong>lrepidi</strong></span> <span class='ocrx_word' id='word_1_196' title='bbox 402 2728 472 2770; x_wconf 88' lang='lat' dir='ltr'><strong>vera</strong></span> <span class='ocrx_word' id='word_1_197' title='bbox 496 2729 530 2770; x_wconf 89' lang='lat' dir='ltr'><strong>ac</strong></span> <span class='ocrx_word' id='word_1_198' title='bbox 550 2709 702 2771; x_wconf 82' lang='lat' dir='ltr'><strong>manifesta</strong></span> <span class='ocrx_word' id='word_1_199' title='bbox 725 2718 876 2770; x_wconf 88' lang='lat' dir='ltr'><strong>canentem</strong></span> 
     </span>
     <span class='ocr_line' id='line_1_31' title="bbox 49 2789 1044 2872; baseline 0.002 -20"><span class='ocrx_word' id='word_1_200' title='bbox 49 2792 206 2862; x_wconf 85' lang='lat' dir='ltr'><strong>Stoicidae;</strong></span> <span class='ocrx_word' id='word_1_201' title='bbox 237 2794 305 2872; x_wconf 90' lang='lat' dir='ltr'><strong>quid</strong></span> <span class='ocrx_word' id='word_1_202' title='bbox 328 2794 404 2854; x_wconf 89' lang='lat' dir='ltr'><strong>enim</strong></span> <span class='ocrx_word' id='word_1_203' title='bbox 422 2793 489 2854; x_wconf 86' lang='lat' dir='ltr'><strong>lalsi</strong></span> <span class='ocrx_word' id='word_1_204' title='bbox 511 2789 653 2854; x_wconf 77' lang='lat' dir='ltr'><strong>Laronia?</strong></span> <span class='ocrx_word' id='word_1_205' title='bbox 677 2792 730 2852; x_wconf 91' lang='lat' dir='ltr'><strong>sed</strong></span> <span class='ocrx_word' id='word_1_206' title='bbox 754 2793 821 2872; x_wconf 91' lang='lat' dir='ltr'><strong>quid</strong></span> <span class='ocrx_word' id='word_1_207' title='bbox 993 2802 1044 2866; x_wconf 71' lang='grc' dir='ltr'><strong>65)Ι</strong></span> 
     </span>
     <span class='ocr_line' id='line_1_32' title="bbox 47 2875 761 2957; baseline 0 -22"><span class='ocrx_word' id='word_1_208' title='bbox 47 2875 109 2936; x_wconf 84' lang='grc' dir='ltr'>Νοιι</span> <span class='ocrx_word' id='word_1_209' title='bbox 128 2876 237 2936; x_wconf 83' lang='lat' dir='ltr'><strong>facient</strong></span> <span class='ocrx_word' id='word_1_210' title='bbox 259 2877 321 2954; x_wconf 87' lang='lat' dir='ltr'><strong>alii,</strong></span> <span class='ocrx_word' id='word_1_211' title='bbox 346 2896 430 2957; x_wconf 92' lang='lat' dir='ltr'><strong>quum</strong></span> <span class='ocrx_word' id='word_1_212' title='bbox 452 2885 481 2937; x_wconf 94' lang='lat' dir='ltr'><strong>tu</strong></span> <span class='ocrx_word' id='word_1_213' title='bbox 504 2877 630 2938; x_wconf 89' lang='lat' dir='ltr'><strong>multicia</strong></span> <span class='ocrx_word' id='word_1_214' title='bbox 650 2892 761 2951; x_wconf 88' lang='lat' dir='ltr'><strong>sumas,</strong></span> 
     </span>
    </p>

    <p class='ocr_par' dir='ltr' id='par_1_22' title="bbox 50 2957 879 3040">
     <span class='ocr_line' id='line_1_33' title="bbox 50 2957 879 3040; baseline 0.001 -21"><span class='ocrx_word' id='word_1_215' title='bbox 50 2957 178 3035; x_wconf 83' lang='lat' dir='ltr'><strong>Cretioe,</strong></span> <span class='ocrx_word' id='word_1_216' title='bbox 202 2969 231 3020; x_wconf 91' lang='lat' dir='ltr'><strong>et</strong></span> <span class='ocrx_word' id='word_1_217' title='bbox 248 2961 323 3022; x_wconf 91' lang='lat' dir='ltr'><strong>hano</strong></span> <span class='ocrx_word' id='word_1_218' title='bbox 345 2970 458 3021; x_wconf 85' lang='lat' dir='ltr'><strong>restem</strong></span> <span class='ocrx_word' id='word_1_219' title='bbox 481 2962 592 3040; x_wconf 92' lang='lat' dir='ltr'><strong>populo</strong></span> <span class='ocrx_word' id='word_1_220' title='bbox 612 2961 733 3020; x_wconf 87' lang='lat' dir='ltr'><strong>mirante</strong></span> <span class='ocrx_word' id='word_1_221' title='bbox 753 2975 879 3038; x_wconf 89' lang='lat' dir='ltr'><strong>perores</strong></span> 
     </span>
    </p>

    <p class='ocr_par' dir='ltr' id='par_1_23' title="bbox 49 3041 832 3106">
     <span class='ocr_line' id='line_1_34' title="bbox 49 3041 832 3106; baseline 0 -4"><span class='ocrx_word' id='word_1_222' title='bbox 49 3042 78 3102; x_wconf 95' lang='lat' dir='ltr'><strong>ln</strong></span> <span class='ocrx_word' id='word_1_223' title='bbox 97 3042 233 3104; x_wconf 89' lang='lat' dir='ltr'><strong>Proculas</strong></span> <span class='ocrx_word' id='word_1_224' title='bbox 256 3054 286 3105; x_wconf 93' lang='lat' dir='ltr'><strong>et</strong></span> <span class='ocrx_word' id='word_1_225' title='bbox 306 3041 459 3105; x_wconf 81' lang='lat' dir='ltr'><strong>Pollittas?</strong></span> <span class='ocrx_word' id='word_1_226' title='bbox 489 3053 534 3105; x_wconf 88' lang='lat' dir='ltr'><strong>est</strong></span> <span class='ocrx_word' id='word_1_227' title='bbox 555 3043 678 3106; x_wconf 90' lang='lat' dir='ltr'><strong>moecha</strong></span> <span class='ocrx_word' id='word_1_228' title='bbox 697 3041 832 3104; x_wconf 86' lang='lat' dir='ltr'><strong>Fabulla:</strong></span> 
     </span>
    </p>

    <p class='ocr_par' dir='ltr' id='par_1_24' title="bbox 49 3125 798 3204">
     <span class='ocr_line' id='line_1_35' title="bbox 49 3125 798 3204; baseline 0.001 -19"><span class='ocrx_word' id='word_1_229' title='bbox 49 3125 215 3203; x_wconf 79' lang='lat' dir='ltr'><strong>hanneton,</strong></span> <span class='ocrx_word' id='word_1_230' title='bbox 240 3129 265 3187; x_wconf 88' lang='lat' dir='ltr'><strong>si</strong></span> <span class='ocrx_word' id='word_1_231' title='bbox 287 3129 346 3204; x_wconf 86' lang='lat' dir='ltr'><strong>vis,</strong></span> <span class='ocrx_word' id='word_1_232' title='bbox 372 3129 456 3188; x_wconf 89' lang='lat' dir='ltr'><strong>etiam</strong></span> <span class='ocrx_word' id='word_1_233' title='bbox 480 3126 620 3191; x_wconf 78' lang='lat' dir='ltr'><strong>Carfinia:</strong></span> <span class='ocrx_word' id='word_1_234' title='bbox 645 3128 732 3188; x_wconf 89' lang='lat' dir='ltr'><strong>talem</strong></span> <span class='ocrx_word' id='word_1_235' title='bbox 794 3159 798 3166; x_wconf 93' lang='lat'>·</span> 
     </span>
    </p>

    <p class='ocr_par' dir='ltr' id='par_1_25' title="bbox 50 3208 1031 3290">
     <span class='ocr_line' id='line_1_36' title="bbox 50 3208 1031 3290; baseline 0.005 -21"><span class='ocrx_word' id='word_1_236' title='bbox 50 3208 110 3271; x_wconf 87' lang='lat' dir='ltr'><strong>Non</strong></span> <span class='ocrx_word' id='word_1_237' title='bbox 130 3219 222 3271; x_wconf 89' lang='lat' dir='ltr'><strong>sumet</strong></span> <span class='ocrx_word' id='word_1_238' title='bbox 243 3212 374 3274; x_wconf 88' lang='lat' dir='ltr'><strong>damnata</strong></span> <span class='ocrx_word' id='word_1_239' title='bbox 395 3220 503 3290; x_wconf 85' lang='lat' dir='ltr'><strong>togam.</strong></span> <span class='ocrx_word' id='word_1_240' title='bbox 518 3242 562 3258; x_wconf 84' lang='lat'><em>-</em></span> <span class='ocrx_word' id='word_1_241' title='bbox 581 3209 641 3270; x_wconf 89' lang='lat' dir='ltr'><strong>Sed</strong></span> <span class='ocrx_word' id='word_1_242' title='bbox 662 3209 751 3270; x_wconf 88' lang='lat' dir='ltr'><strong>lulius</strong></span> <span class='ocrx_word' id='word_1_243' title='bbox 773 3209 872 3287; x_wconf 89' lang='lat' dir='ltr'><strong>ardet,</strong></span> <span class='ocrx_word' id='word_1_244' title='bbox 912 3245 914 3249; x_wconf 93' lang='lat'>·</span> <span class='ocrx_word' id='word_1_245' title='bbox 995 3217 1031 3274; x_wconf 77' lang='lat' dir='ltr'><strong>ld</strong></span> 
     </span>
    </p>
   </div>
   <div class='ocr_carea' id='block_1_3' title="bbox 51 3292 847 3542">
    <p class='ocr_par' dir='ltr' id='par_1_26' title="bbox 51 3292 847 3542">
     <span class='ocr_line' id='line_1_37' title="bbox 51 3292 841 3375; baseline 0 -22"><span class='ocrx_word' id='word_1_246' title='bbox 51 3292 426 3374; x_wconf 75' lang='lat' dir='ltr'><strong>nestun-Nuarsagas:</strong></span> <span class='ocrx_word' id='word_1_247' title='bbox 447 3296 712 3356; x_wconf 88' lang='lat' dir='ltr'><strong>minusestinsania</strong></span> <span class='ocrx_word' id='word_1_248' title='bbox 735 3294 841 3375; x_wconf 81' lang='lat' dir='ltr'><strong>turpis!</strong></span> 
     </span>
     <span class='ocr_line' id='line_1_38' title="bbox 51 3375 796 3458; baseline 0.004 -22"><span class='ocrx_word' id='word_1_249' title='bbox 51 3375 90 3436; x_wconf 86' lang='lat' dir='ltr'><strong>lln</strong></span> <span class='ocrx_word' id='word_1_250' title='bbox 110 3377 254 3455; x_wconf 85' lang='lat' dir='ltr'><strong>habitum,</strong></span> <span class='ocrx_word' id='word_1_251' title='bbox 272 3396 329 3458; x_wconf 94' lang='lat' dir='ltr'><strong>quo</strong></span> <span class='ocrx_word' id='word_1_252' title='bbox 352 3388 381 3439; x_wconf 90' lang='lat' dir='ltr'><strong>tc</strong></span> <span class='ocrx_word' id='word_1_253' title='bbox 404 3379 490 3457; x_wconf 80' lang='lat' dir='ltr'><strong>leges</strong></span> <span class='ocrx_word' id='word_1_254' title='bbox 512 3398 546 3440; x_wconf 90' lang='lat' dir='ltr'><strong>ac</strong></span> <span class='ocrx_word' id='word_1_255' title='bbox 569 3381 632 3442; x_wconf 88' lang='lat' dir='ltr'><strong>iura</strong></span> <span class='ocrx_word' id='word_1_256' title='bbox 653 3379 796 3440; x_wconf 84' lang='lat' dir='ltr'><strong>ferentem</strong></span> 
     </span>
     <span class='ocr_line' id='line_1_39' title="bbox 51 3458 847 3542; baseline 0.011 -26"><span class='ocrx_word' id='word_1_257' title='bbox 51 3458 216 3529; x_wconf 70' lang='lat' dir='ltr'><strong>llulnerihus</strong></span> <span class='ocrx_word' id='word_1_258' title='bbox 238 3463 335 3523; x_wconf 85' lang='lat' dir='ltr'><strong>erudis</strong></span> <span class='ocrx_word' id='word_1_259' title='bbox 356 3462 482 3542; x_wconf 91' lang='lat' dir='ltr'><strong>populus</strong></span> <span class='ocrx_word' id='word_1_260' title='bbox 503 3464 590 3523; x_wconf 91' lang='lat' dir='ltr'><strong>modo</strong></span> <span class='ocrx_word' id='word_1_261' title='bbox 610 3465 706 3524; x_wconf 85' lang='lat' dir='ltr'><strong>victor</strong></span> <span class='ocrx_word' id='word_1_262' title='bbox 726 3472 755 3524; x_wconf 88' lang='lat' dir='ltr'><strong>et</strong></span> <span class='ocrx_word' id='word_1_263' title='bbox 777 3463 847 3525; x_wconf 93' lang='lat' dir='ltr'><strong>illud</strong></span> 
     </span>
    </p>
   </div>
   <div class='ocr_carea' id='block_1_4' title="bbox 0 0 1259 3984">
    <p class='ocr_par' dir='ltr' id='par_1_27' title="bbox 0 0 1259 3984">
     <span class='ocr_line' id='line_1_40' title="bbox 0 0 1259 3984; baseline 0 0"><span class='ocrx_word' id='word_1_264' title='bbox 0 0 1259 3984; x_wconf 95' lang='lat' dir='ltr'><strong> </strong></span> 
     </span>
    </p>
   </div>
  </div>
 </body>
</html>
