2444 3984
188 257 249 304 XIV
572 254 786 304 PRAEFATIO„

188 400 417 472 interpellationibus
428 410 550 473 tamquam
561 399 648 473 tragici
660 399 727 456 cbori
742 401 840 456 canticis
851 397 988 468 distinguit
1003 396 1113 452 Summa
1125 397 1176 468 igl-

188 493 228 541 tur
238 486 373 558 argumenti
391 487 458 558 quasi
472 485 575 558 prologo
592 485 721 556 praemissa
733 485 767 550 (6.
781 491 842 542 1-
853 484 900 551 11)
911 480 1016 551 primurn
1026 485 1105 549 ipsam
1116 495 1176 535 coe·

188 584 233 625 nae
242 569 364 625 raritatem
381 585 438 625 cum
454 569 645 642 quotidianorum
662 566 797 623 officiomm
816 565 933 623 molestiis
951 570 1076 633 comparat
1086 563 1124 629 (v.
1139 569 1175 622 19

191 655 297 723 -93),
313 659 365 708 tum
382 662 461 709 autem
472 667 503 708 ex
519 653 582 708 ilbus
598 651 682 706 aetatis
698 666 779 718 more,
796 649 916 723 quaedni
926 654 1011 718 potum
1023 647 1092 702 cibos
1102 655 1175 702 ante-

189 737 275 794 cedere
284 737 361 792 voluit
377 737 451 804 (Plio.
463 735 492 791 N.
505 735 633 792 ilistlllV.
645 737 708 802 98),
726 750 740 789 a
757 735 818 791 vinis
830 735 898 790 initio
910 733 975 788 iacto
986 733 1010 786 in
1021 731 1110 786 borum
1122 732 1175 801 pri·

188 836 257 876 mum
268 820 398 892 generibus
410 823 446 886 (v.
457 822 594 888 94-37)
607 819 796 890 poculommque
806 835 852 874 usu
864 819 900 885 (6.
912 821 947 875 38
957 844 992 854 -
1002 818 1063 885 48),
1075 830 1136 870 mox
1148 815 1173 869 in

189 919 250 976 aqua
260 919 355 976 quoque
366 904 402 970 (r.
415 907 449 962 49
458 933 498 943 -
506 906 552 970 59)
564 909 589 957 et
600 904 720 974 pincernis
730 903 894 972 (6.53-66)
908 899 1097 973 ignominiosum
1111 898 1174 954 illud

189 989 316 1044 discrimen
327 994 403 1056 notat,
415 987 479 1059 quod
490 987 614 1043 dominum
626 1002 716 1043 coenae
726 1003 739 1042 a
748 1003 854 1058 paupere
865 986 965 1044 conviva
975 989 1082 1054 separet;
1094 983 1173 1038 idem-

189 1087 236 1142 que
247 1070 360 1140 deinceps
370 1071 466 1141 inpane
484 1073 517 1140 (v.
529 1073 564 1130 67
575 1101 609 1110 -
620 1074 684 1141 79),
697 1072 844 1142 promulside
855 1072 891 1138 (6.
903 1075 939 1130 80
947 1069 1050 1136 -91),
1063 1066 1173 1137 piscibus

189 1157 225 1222 (6.
237 1157 271 1210 99
281 1181 317 1192 -
327 1158 392 1225 106)
404 1155 559 1226 persequitur,
572 1155 649 1210 donec
659 1155 688 1210 ad
700 1162 773 1226 caput
783 1171 884 1223 coenae,
897 1169 981 1226 aprum
992 1160 1017 1208 et
1029 1151 1113 1215 altiles,
1130 1151 1173 1205 de·

189 1239 252 1294 latus
267 1237 379 1293 clientem
392 1239 445 1295 solo
460 1240 586 1295 stnrctoris
602 1246 700 1310 aspectu
717 1241 783 1312 pasci
799 1240 920 1312 significat
937 1243 973 1308 (6.
985 1237 1035 1295 107
1045 1235 1172 1302 -194);

189 1321 291 1392 denique
308 1337 339 1376 ne
354 1322 379 1377 in
396 1324 544 1394 propinando
556 1323 652 1396 quidem
663 1324 761 1380 divitem
772 1331 796 1379 et
807 1337 936 1396 pauperem
947 1323 1050 1378 amicum
1060 1320 1173 1374 similiter

188 1404 271 1460 baberi
288 1413 386 1477 questus
404 1409 446 1475 (6.
467 1409 839 1477 195-145)6666666166161
855 1421 991 1464 mensarum
1008 1404 1128 1472 bellariis,
1146 1400 1171 1455 iu

189 1489 276 1561 quibus
286 1490 370 1546 eadem
383 1492 495 1564 iniquitas
505 1498 603 1564 apparet
617 1492 653 1560 (6.
663 1494 712 1551 146
722 1520 758 1532 -
768 1495 842 1562 155),
853 1493 883 1548 ad
894 1490 968 1562 ipsius
982 1489 1075 1544 cientis
1086 1495 1172 1560 stupo-

189 1589 241 1628 rem
255 1574 328 1642 redit,
346 1577 387 1647 qui
397 1577 476 1632 divibs
491 1577 585 1648 patroni
601 1577 715 1632 malitiam
733 1577 864 1646 cupiditate
878 1590 923 1631 sua
940 1573 1007 1629 abuti
1017 1573 1146 1642 patiatur(
1162 1612 1168 1624 .

190 1663 241 1716 156
251 1686 287 1696 -
297 1661 371 1728 173).

273 1738 370 1798 &aaa
381 1757 477 1813 quoque
486 1743 591 1809 satiram,
602 1758 663 1814 quae
674 1743 801 1798 mulierum
812 1743 927 1812 pravitate
941 1739 1078 1797 insectanda
1090 1747 1168 1795 totum

190 1825 316 1880 sectarium
333 1825 421 1881 libmm
432 1825 529 1896 implet,
546 1841 596 1880 nou
611 1826 709 1881 fortuita
720 1827 821 1898 triginta
834 1826 936 1896 amplius
946 1826 1060 1881 vitiorum
1070 1839 1169 1878 enume-

189 1909 292 1974 ratione,
311 1909 354 1965 sed
370 1910 487 1965 concinna
503 1916 529 1964 et
539 1909 666 1965 artificiosa
682 1911 786 1982 partium
796 1909 953 1981 dispositione
971 1908 1086 1966 contineri
1097 1908 1168 1963 docte

189 1993 379 2066 Nigelsbacbius
395 1995 412 2051 l.
430 2011 452 2052 c.
472 1997 559 2064 6479
575 2011 625 2067 sqq.
643 1995 737 2051 monuit
750 1995 984 2068 insignissimamque
1000 1994 1085 2048 barum
1102 1993 1170 2048 velut

190 2079 373 2134 commissuram
391 2095 414 2135 v.
426 2083 479 2138 986
494 2080 528 2134 ita
544 2080 689 2152 designavit,
708 2086 736 2136 ut
754 2079 782 2134 ad
799 2080 867 2134 illum
883 2093 960 2149 usque
977 2079 1058 2134 locum
1069 2077 1169 2132 seminas

189 2176 311 2233 umquam
323 2163 427 2228 maritas,
436 2164 556 2234 posterius
566 2165 664 2220 maritas
673 2172 796 2236 umquam
807 2163 908 2218 seminas
918 2161 1053 2218 adumbrari
1063 2160 1166 2226 diceret;

190 2261 295 2316 quocum
306 2246 337 2300 de
351 2261 446 2302 summa
461 2248 496 2302 rei
512 2248 665 2302 consentiens
682 2248 777 2318 singula
793 2254 888 2302 tantum
900 2246 1069 2318 quadripertita
1080 2245 1167 2300 descri-

190 2329 273 2398 ptione
291 2329 442 2386 commodius
460 2331 564 2401 perspici
582 2330 692 2385 arbitror.
720 2331 794 2386 Poeta
810 2331 874 2385 enim
890 2329 1011 2386 Ursidium
1027 2329 1166 2386 Postumum

190 2411 368 2467 matrimonium
379 2414 493 2469 initurum
503 2414 615 2485 pudicam
627 2429 725 2469 uxorem
740 2429 837 2484 sperare
848 2415 937 2470 mirans
948 2415 985 2481 (6.
996 2421 1056 2474 1-
1066 2415 1113 2482 59)
1123 2417 1168 2470 166

190 2497 241 2566 ipsa
259 2510 286 2550 re
296 2496 401 2565 primum
412 2498 442 2553 ad
457 2498 631 2569 impudicitiam
647 2497 718 2553 buius
732 2513 805 2554 sexus
816 2499 922 2555 delentur
933 2514 1033 2571 eamque
1044 2503 1167 2570 spectacu-

190 2580 269 2635 lorum
289 2582 393 2636 maxime
409 2582 533 2638 lenociniis
546 2584 577 2639 ali
592 2589 691 2654 questus
702 2582 738 2649 (6.
750 2587 785 2642 60
796 2586 888 2653 -81)
900 2599 1047 2639 summarum
1059 2595 1167 2654 quarum·

190 2677 238 2736 que
249 2665 364 2720 domuum
375 2672 496 2722 matronas
511 2667 689 2740 indignissimas
705 2667 815 2723 libidines
830 2669 916 2723 sectari
933 2667 1024 2739 Eppiae
1033 2667 1167 2724 Veientonis

191 2748 227 2814 (6.
245 2752 325 2807 89-
335 2753 400 2820 113)
424 2751 546 2822 ipsiusque
562 2751 703 2807 Messalinae
720 2751 813 2808 Claudii
832 2751 941 2808 Caesaris
959 2752 1042 2807 uxoris
1059 2752 1166 2822 exemplo

191 2832 263 2888 docet
273 2833 309 2899 (6.
323 2837 420 2891 114-
430 2837 510 2903 139);
528 2850 559 2889 66
566 2837 682 2891 tamenin
698 2835 736 2891 bis
749 2837 914 2908 acquiescant,
926 2837 1017 2892 sedvel
1029 2835 1164 2890 61666616-

191 2931 231 2972 rae
242 2917 369 2988 imperium
381 2918 526 2990 quibuslibet
537 2919 707 2990 cupiditatibus
717 2928 789 2992 atque
799 2920 894 2990 ineptiis
905 2920 1060 2990 indulgeant,
1073 2919 1165 2972 marito·

191 3015 244 3054 rum
261 3002 332 3071 culpa
347 3002 398 3056 fleri
409 3001 501 3073 arguit,
520 3002 560 3074 qui
571 3004 630 3059 solis
640 3012 681 3059 aut
691 3005 755 3060 dotis
766 3011 808 3060 aut
819 3006 909 3061 iormoe
920 3002 1039 3059 illecebris
1055 3002 1118 3056 ducti
1129 3001 1141 3067 (
1157 3040 1165 3055 .

192 3086 243 3140 133
252 3112 288 3122 -
298 3088 362 3155 148)
374 3085 530 3141 muliebribus
540 3088 630 3143 artibus
641 3089 744 3160 impares
754 3090 816 3153 siut,
832 3088 967 3158 bonamque
976 3085 1066 3140 levitati
1076 3085 1164 3140 illarum

191 3168 313 3223 avaritiam
330 3166 368 3244 (6.
382 3173 432 3227 149
442 3197 478 3210 -
489 3174 568 3241 160),
587 3172 675 3228 fastum
693 3173 730 3238 (v.
748 3177 798 3230 161
809 3201 844 3210 -
855 3174 933 3240 183),
951 3171 1048 3226 delicias
1065 3171 1101 3236 (6.
1118 3174 1165 3227 184

194 3277 230 3288 -
242 3254 321 3321 199),
339 3255 536 3326 imperiositatem
554 3257 592 3323 (v.
610 3263 663 3315 900
674 3259 795 3325 -993),
818 3255 908 3327 litigia,
928 3255 1036 3320 fraudes,
1057 3254 1165 3310 adulteria

191 3335 284 3406 aliaque
302 3340 390 3407 probra
406 3341 439 3395 ita
451 3342 563 3411 opponit,
581 3348 608 3395 ut
624 3342 648 3397 iu
660 3342 725 3396 omni
736 3355 827 3413 genere
841 3339 944 3394 leminea
958 3340 997 3394 vel
1008 3339 1124 3395 calliditas
1130 3339 1163 3392 661

191 3418 338 3491 impudentia
349 3425 457 3497 superior
467 3431 579 3497 appareat
590 3426 628 3492 (6.
635 3429 688 3482 994
696 3454 732 3464 -
741 3427 807 3494 985)
815 3444 822 3488 ;
829 3424 948 3496 originem
959 3431 1040 3479 autem
1051 3431 1164 3478 tantorum

191 3504 340 3576 flagitiorum
352 3511 372 3565 si
384 3511 437 3583 quis
452 3512 570 3583 requirat,
590 3512 723 3565 universam
735 3515 871 3579 tempomm
888 3509 1049 3579 conupteiam
1064 3515 1088 3562 et
1101 3505 1165 3562 luxu·

189 3589 251 3645 riam
268 3603 384 3662 accusat,
403 3598 442 3652 oui
458 3597 570 3653 resistere
585 3593 710 3650 muliebris
726 3593 908 3662 intemperantia
926 3608 974 3647 non
985 3593 1061 3662 possit
1072 3592 1107 3658 (6.
1119 3593 1164 3648 986
