2438 3994
436 266 561 314 suumn
585 267 656 314 xvi.
963 261 1021 320 105

3 405 4 486 l
70 408 208 486 fraemia
231 423 307 466 nunc
329 406 385 465 alia
411 415 497 484 atque
521 406 576 468 alia
600 406 792 468 emolumenta
814 418 945 470 notemus
988 421 1023 474 35

3 511 4 514 ¹
38 495 297 551 sacramentorum.
334 487 504 548 Convallcm
526 491 600 549 ruris
624 491 692 550 aviti
1078 511 1079 515 ¹

3 597 4 626 t
36 572 187 652 lmprobus
210 582 257 636 aut
280 589 410 650 campum
434 573 500 633 mibi
521 575 546 632 si
568 574 679 633 uicinus
702 573 821 652 ademit,

37 657 70 716 llt
92 675 207 718 sacrum
232 655 333 716 eiiodit
352 655 447 715 medio
470 656 507 717 de
532 657 621 717 limito
641 675 752 734 saxum,
825 717 830 730 ,

36 740 117 814 Qurod
140 759 205 800 mea
228 758 292 800 cnm
325 739 423 817 patulo
450 740 540 800 coluit
569 740 635 819 puls
664 758 757 802 annua
781 740 861 821 libo,

3 899 4 906 ἵ
36 823 158 883 Debitor
179 833 226 884 aut
249 830 379 901 sumptos
402 824 500 900 pergit
526 841 583 882 non
607 825 733 885 reddere
761 844 901 904 nummos,
986 837 1021 890 40

38 903 112 967 Vana
136 898 310 986 supe'rvacui
331 906 433 966 dicens
461 906 656 986 chirographa
677 909 763 986 ligni:

37 989 255 1070 Exspectandus
279 991 334 1050 erit
357 991 406 1068 qui
428 989 494 1050 lites
518 990 634 1050 inchoet
657 1009 747 1051 annus

37 1073 134 1134 l'otius
156 1073 273 1153 populi:
296 1072 348 1133 sed
370 1082 437 1134 tunc
460 1091 577 1152 quoque
597 1074 675 1136 mille
698 1076 818 1138 ferenda

38 1157 158 1233 Taedia,
179 1157 258 1217 mille
278 1175 393 1218 morae:
418 1159 505 1217 toties
528 1157 670 1219 subsellia
693 1168 800 1221 tantum

36 1243 217 1310 Sternuntnr;
242 1242 298 1301 iam
320 1241 444 1302 iucundo
468 1251 595 1319 ponente
622 1243 755 1304 lacernas
986 1255 1019 1310 45

3 1323 6 1329 ’
38 1323 174 1386 Caedicio
202 1333 231 1385 et
253 1322 349 1385 Fusco
375 1326 430 1384 iam
454 1327 636 1385 micturiente
657 1329 750 1406 parati

34 1407 218 1487 Digredimur
240 1408 378 1490 lentaque
400 1408 456 1469 fori
479 1427 639 1488 pugnamus
662 1427 759 1470 arena.

33 1493 87 1554 Ast
108 1493 181 1569 illis,
206 1508 279 1571 quos
302 1509 379 1553 arma
401 1500 501 1570 tegunt
524 1501 553 1552 et
574 1492 689 1554 balteus
712 1492 808 1571 ambit,

34 1575 120 1650 Quod
145 1576 281 1655 placitum
304 1586 349 1638 est
371 1576 443 1654 ipsis
469 1585 768 1657 praestatur-tempus
794 1580 910 1658 agendi,

32 1659 96 1722 Nec
121 1678 170 1720 res
193 1661 324 1720 atteritur
346 1660 435 1737 longo
457 1660 618 1722 anillaminc
640 1661 707 1723 litis.
986 1677 1020 1728 50

32 1743 111 1804 Solis
138 1752 293 1823 praetcrea
315 1743 439 1805 testandi
459 1744 596 1806 militibus
619 1746 663 1806 ius

3 1823 4 1830 '
30 1827 108 1887 Vivo
132 1837 216 1906 patro
240 1829 337 1898 datur;
361 1845 442 1902 nam,
466 1845 540 1905 quac
567 1839 632 1889 sunt
654 1841 736 1909 parta
758 1830 860 1892 labore

31 1910 172 1987 Militiae,
196 1912 305 1991 placuit
326 1929 384 1972 non
404 1928 472 1970 csse
493 1913 522 1972 iu
545 1930 671 1993 corpore
695 1933 811 1990 census,

33 1995 127 2055 Omne
149 2003 229 2055 tenet
255 1997 336 2056 cuius
361 1997 493 2073 regimen
514 2005 608 2075 pater.
648 1996 729 2076 Ergo
754 1996 907 2075 Coranum,

18 2080 188 2157 xsignorum
217 2081 350 2142 comitem
373 2087 593 2157 castrorumque
617 2099 686 2142 aera
709 2090 878 2158 merentem,
986 2093 1021 2144 55

33 2163 182 2238 Quamuis
196 2165 251 2224 iam
277 2164 415 2226 tremulus
439 2172 536 2241 captat
560 2174 651 2243 pater.
695 2164 778 2226 Hunc
802 2165 886 2227 lavor
907 2183 1019 2246 aequus

31 2245 171 2307 Provcbit
193 2255 222 2307 et
246 2247 368 2327 pulchro
390 2246 485 2312 reddit
507 2266 559 2308 sua
581 2249 655 2310 dona
679 2248 782 2310 labori.

30 2331 128 2410 ipsius
150 2339 230 2392 certe
254 2332 335 2393 ducis
358 2332 416 2392 hoc
440 2331 555 2392 referre
576 2334 700 2410 videtur,

35 2409 91 2491 Ut,
120 2416 168 2494 qui
190 2416 273 2476 fortis
296 2416 368 2492 crit,
393 2417 430 2476 sit
451 2415 636 2478 felicissimus
656 2418 745 2494 idem,

31 2496 72 2557 Ut
96 2497 167 2560 lacti
189 2497 318 2579 phaleris
344 2516 445 2560 omnes
468 2508 499 2560 et
519 2500 670 2581 torquibus
696 2518 805 2564 omnes.
986 2513 1021 2569 to
