2444 3984
451 293 575 341 SATIRA
597 295 621 342 1.
715 315 718 318 ·

12 435 99 513 lpse,
127 431 298 492 lacernatae
318 449 404 509 quom
425 451 459 491 se
480 435 602 493 iactaret
623 435 746 494 amicae!

12 515 127 577 Nonne
152 515 225 588 libet
242 513 338 574 medio
361 533 446 575 ceras
469 517 591 595 implere
614 535 739 596 capaces

14 600 204 676 Quadrivio,
228 617 314 677 quum
332 599 387 659 iarn
413 608 496 660 sexta
519 602 637 661 cervice
657 602 783 678 feratur,

14 686 94 746 Hinc
119 692 209 762 atque
231 681 295 741 inde
317 691 421 760 patens
443 702 478 744 ac
501 684 576 744 nuda
598 702 692 763 paene
716 685 854 746 cathedra
929 691 932 696 ⁴
983 694 1015 748 6⁵
1063 761 1064 764 Ἴ

14 769 55 828 Et
78 767 203 828 multum
222 765 357 826 relerens
381 767 416 826 de
439 766 612 829 Maecenate
635 771 757 848 supino,

17 855 165 930 Signatcr
182 850 280 925 salso,
306 851 354 927 qui
378 868 411 909 se
434 851 542 911 lautum
564 861 652 931 atque
675 852 789 914 beatum

17 936 146 1013 Exiguis
169 934 273 994 tabulis
296 943 325 993 ct
345 951 459 1011 gemma
477 936 591 1002 fecerat
610 934 702 997 udal·

19 1021 159 1079 Occurrit
178 1028 309 1077 matrona
332 1027 456 1096 potens,
481 1036 556 1097 quae
577 1020 667 1080 molle
691 1019 829 1081 Calenum

18 1106 199 1164 Porrectura
219 1103 284 1162 uiro
303 1103 406 1162 miscet
427 1103 543 1163 sitiente
563 1103 710 1179 rubetam,
983 1111 1017 1164 70

18 1188 207 1264 Instituitqne
230 1185 318 1245 rudes
337 1186 442 1247 melior
462 1185 587 1248 Lucusta
608 1190 788 1268 propinquas

21 1273 78 1333 Per
101 1269 207 1330 lamam
228 1278 257 1329 ct
279 1270 417 1348 populum
439 1271 541 1348 nigros
565 1272 672 1332 eliense
691 1273 820 1333 maritos.

22 1355 110 1414 Ande
131 1353 240 1432 aliquid
262 1352 401 1414 brevibus
426 1353 529 1430 Gyaris
552 1364 582 1414 et
604 1373 725 1416 carcere
747 1356 879 1432 dignum,

22 1441 53 1499 Si
73 1440 120 1497 vis
143 1455 211 1497 esse
234 1437 357 1515 aliquid:
383 1437 514 1516 probitas
537 1438 669 1506 laudatur
687 1448 717 1500 et
738 1440 829 1516 alget,

24 1520 199 1583 Ciimiuibus
222 1520 330 1581 debent
350 1521 468 1597 hortos,
491 1525 655 1600 praetoria,
678 1541 812 1598 mensas,
982 1531 1016 1584 ts

23 1608 185 1684 Argentum
205 1614 289 1664 vetus
312 1615 341 1666 et
362 1614 485 1666 stantem
506 1615 589 1667 extra
611 1607 719 1686 pocula
741 1604 867 1685 caprum.

24 1693 119 1764 Quem
141 1690 247 1767 patitur
269 1688 395 1749 dormire
416 1707 504 1749 nurus
528 1700 683 1770 corruptor
706 1707 827 1766 avarae,

26 1778 119 1848 Quem
142 1789 269 1852 sponsae
292 1782 393 1852 turpes
416 1782 445 1832 et
464 1783 662 1851 praetextatus
687 1772 821 1836 adulter?

26 1861 56 1918 Si
78 1866 178 1916 natura
201 1866 305 1933 negat,
327 1856 396 1917 iacit
417 1857 577 1934 indignatio
598 1877 730 1936 versum,

28 1940 265 2019 Qualemcnnqne
288 1950 403 2019 potest,
427 1941 530 2020 quales
554 1960 611 2019 ego
632 1943 681 2002 vel
704 1941 884 2003 (lluviennn.⁴
981 1949 1016 2002 80

89 2025 136 2086 Ex
157 2042 215 2104 quc
238 2023 400 2085 Deucalion
420 2024 522 2084 nimbis
542 2026 711 2086 tollentibus
731 2043 843 2103 aequor

28 2106 149 2186 Navigio
172 2117 298 2168 montem
320 2108 451 2169 ascendit
470 2117 627 2188 sortesque
649 2110 803 2189 poposcit,

28 2193 223 2271 Paulatimque
246 2195 337 2252 anima
360 2193 510 2253 caluerunt
531 2193 630 2253 mollia
652 2212 739 2269 saxa,

30 2276 68 2336 Et
88 2275 212 2336 maribus
234 2276 325 2337 nudas
346 2277 473 2337 ostendit
495 2271 605 2353 P'yrrba
629 2277 754 2356 puellae,

32 2360 172 2439 Quidquid
190 2359 441 2439 aguntbomines‚
457 2369 573 2438 votnm,
589 2363 690 2439 timor,
707 2363 765 2438 ira,
782 2359 935 2440 voluptas,
979 2369 1014 2423 85
1089 2376 1091 2379 ·
1171 2363 1175 2370 ’

33 2444 152 2519 Gaudia,
176 2444 342 2520 discursus,
365 2447 457 2504 nostri
479 2446 598 2522 farrago
620 2447 712 2506 libelli
735 2455 789 2505 est.

32 2527 67 2587 llt
88 2527 201 2606 quando
223 2528 343 2588 uberior
363 2529 498 2589 vitiorum
521 2527 629 2608 copia?
651 2531 764 2609 quando

33 2611 120 2672 blaior
142 2613 279 2672 avaritiae
301 2613 391 2690 patuit
411 2609 512 2672 sinusl
536 2614 600 2673 alea
622 2613 737 2691 quando

34 2695 89 2754 llus
107 2693 239 2755 animosi
259 2714 355 2774 neque
379 2698 454 2756 euim
476 2697 582 2756 loculis
603 2696 805 2757 comitantibus
828 2697 885 2755 itur
948 2709 954 2720 ·

33 2779 75 2838 dd
99 2797 195 2839 casum
216 2779 348 2853 tabulae,
369 2783 464 2858 posita
486 2779 538 2839 aed
560 2779 667 2839 luditur
688 2797 767 2840 arca.
983 2787 1018 2842 90

33 2863 143 2924 Proelia
165 2873 271 2941 quanta
289 2863 351 2923 illic
371 2865 576 2943 dispensatore
598 2862 711 2923 ridebis

34 2947 198 3024 Armigerol
221 2947 383 3026 simplexne
403 2948 485 3009 iuror
508 2948 644 3008 sestertia
666 2953 782 3007 centnm

35 3031 155 3090 Perdere
179 3039 208 3090 et
228 3031 357 3092 horrenti
379 3034 503 3094 tunicam
525 3049 583 3092 nou
604 3030 730 3092 reddere
753 3027 863 3089 servo?

37 3115 101 3187 Quis
123 3113 248 3187 totidem
265 3117 359 3176 erexit
380 3117 482 3191 villas,
506 3117 569 3194 quis
589 3114 702 3175 fercula
723 3122 837 3191 septem

37 3199 152 3258 Secreto
176 3203 310 3261 coenavit
329 3198 422 3278 arus?
443 3217 518 3260 nunc
538 3198 668 3277 sportula
690 3198 783 3277 primu
983 3205 1017 3260 9'0

36 3281 135 3343 limine
158 3301 247 3362 parva
270 3285 371 3360 sedet,
394 3283 497 3344 turbae
515 3281 654 3361 rapienda
675 3289 810 3359 togatae:

37 3365 85 3426 llle
106 3376 200 3427 tamen
222 3368 328 3429 iacicrn
349 3369 429 3447 prius
449 3366 566 3445 inspicit
589 3375 619 3426 et
639 3366 781 3445 trepidat,
804 3384 842 3426 nc

39 3451 205 3530 Suppositus
226 3455 327 3512 venias
351 3469 385 3512 ac
403 3450 478 3511 falso
497 3451 612 3510 nomine
633 3467 752 3529 poscas.
867 3513 870 3520 ,

41 3534 150 3610 dgnitns
173 3538 317 3615 accipies;
340 3536 457 3595 iubete
480 3552 628 3612 praecone
651 3535 753 3595 vocari
829 3595 832 3600 ⁴

770 3617 812 3677 1*
