2444 3984
378 299 503 346 suumn
525 299 558 347 V.

27 438 161 502 libusl-
176 438 326 516 Onummi,
345 439 430 500 vobis
441 439 516 499 huuc
533 448 664 516 praestat
685 440 835 518 honorem,

26 527 64 585 los
86 525 152 583 estis
173 522 294 584 iratres!
330 522 459 582 domiuus
482 530 577 582 tamen
599 531 629 582 et
651 523 756 584 domini
777 544 831 585 rex

26 611 37 667 ti
58 609 97 667 vis
118 616 147 666 tu
172 607 251 680 lieri,
275 605 370 666 nullus
392 606 443 665 tibi
466 605 604 684 parvulus
626 606 692 668 aula

26 693 112 751 userit
134 689 251 750 Aeneas
276 707 332 749 nec
354 688 412 750 lilia
434 688 547 749 dulcior
569 689 637 749 illo:

26 775 150 835 reundum
174 783 204 834 et
226 790 323 833 carum
344 773 454 833 sterilis
475 772 545 833 iacit
566 790 641 832 uxor
662 775 792 834 amicum.

25 859 61 918 tel
81 868 126 918 tua
147 876 222 918 nuuc
241 855 357 934 Mygale
380 858 473 935 pariat
495 856 565 917 licet
588 866 617 917 et
639 874 749 936 pueros
770 868 831 920 tres

25 962 37 1000 n
57 943 190 1019 gremium
212 941 303 1019 patris
326 940 425 1001 fundat
447 940 547 1001 simul:
575 942 639 1019 ipss
662 941 779 1020 loquaci

25 1025 137 1085 laudabit
158 1025 243 1100 nido,
266 1025 388 1085 viridem
409 1023 529 1084 thoraca
552 1023 663 1084 iubebit

25 1109 103 1168 lllcrri
123 1111 311 1186 minimasque
334 1126 424 1168 nuces
447 1126 603 1186 assemque
625 1117 769 1186 rogatum,

24 1193 47 1251 nl
67 1210 187 1253 mensam
210 1194 324 1271 quoties
348 1193 492 1272 parasitus
514 1193 629 1252 venerit
649 1193 801 1252 inians.-

24 1275 109 1336 lilibus
130 1279 272 1356 ancipites
294 1277 374 1354 fungi
396 1285 541 1355 ponentur
563 1278 673 1352 amicis,

24 1360 114 1420 toletus
135 1361 267 1429 domino;
291 1360 344 1420 sed
367 1359 470 1439 quales
493 1357 630 1420 claudius
655 1359 715 1420 edit

24 1445 74 1502 lnte
93 1444 170 1505 illum
193 1446 310 1520 uxoris,
337 1453 405 1522 post
430 1461 515 1522 quem
535 1442 575 1503 nil
599 1442 721 1522 amplius
743 1444 811 1504 edit.

24 1527 82 1587 lirro
103 1529 155 1588 sibi
178 1538 209 1589 et
231 1528 351 1606 reliquis
372 1527 544 1587 Virronibus
566 1526 616 1587 illa
638 1527 750 1587 iubebit

23 1611 83 1670 ’ona
105 1613 181 1688 dari,
205 1629 327 1692 quorum
349 1611 415 1671 solo
437 1612 567 1690 pascaris
590 1610 698 1680 odore;

23 1693 99 1766 lualia
120 1707 280 1776 perpetuus
305 1695 468 1755 Phaeacum
491 1704 640 1755 autumnus
663 1694 800 1771 babebat,

23 1775 124 1839 tredere
148 1799 224 1859 quae
244 1780 342 1859 possis
358 1781 498 1859 subrepta
519 1779 670 1838 sororibus
691 1779 788 1838 Afris:

23 1859 46 1920 lu
66 1863 159 1925 scabie
181 1865 288 1925 lrueris
309 1863 392 1940 mali,
416 1863 495 1942 quod
511 1865 540 1923 in
563 1878 674 1940 aggere
697 1863 784 1933 rodit,

22 1943 57 2016 lui
76 1949 179 2025 tegitur
198 1966 298 2028 parma
319 1956 349 2007 et
369 1947 456 2026 galea
477 1956 667 2025 metuensque
693 1946 804 2024 flagelli

22 2025 89 2090 liscit
109 2031 144 2091 ab
162 2032 274 2092 hirsuta
298 2031 421 2093 iaculum
444 2041 583 2110 torquere
608 2030 733 2109 capella.

22 2109 126 2175 lorsitan
146 2118 296 2196 impensae
317 2115 470 2175 Virronem
492 2133 617 2194 parcere
640 2111 765 2175 credas?

22 2193 64 2255 loc
83 2201 155 2277 agit,
180 2210 213 2261 ut
235 2199 351 2268 doleam
376 2217 441 2258 nam
464 2217 539 2278 quac
561 2198 729 2275 comoedia,
754 2198 855 2256 mimus

22 2276 70 2349 luis
89 2284 190 2345 melior
213 2283 348 2363 plorante
369 2282 458 2361 gula?
483 2299 554 2360 ergo
578 2285 673 2343 omnia
695 2282 775 2359 liunt,

22 2361 39 2419 ll
55 2370 157 2444 nescis,
186 2378 217 2429 ut
240 2387 295 2446 per
316 2367 451 2428 lacrimas
475 2367 624 2427 offundere
646 2367 735 2427 bilem

22 2441 117 2524 lugaris
137 2469 303 2530 pressoque
326 2451 373 2511 diu
396 2450 519 2510 stridere
542 2451 653 2511 molari.

22 2527 47 2588 lu
66 2532 111 2593 tibi
131 2535 207 2597 liber
229 2536 316 2596 bomo
341 2543 371 2594 et
391 2537 471 2612 regis
494 2536 614 2595 conviva
637 2536 762 2596 videris:

22 2609 117 2692 laptum
140 2628 169 2681 te
191 2620 294 2680 nidore
316 2621 387 2679 suae
410 2627 492 2697 putat
512 2617 563 2678 ille
587 2619 701 2678 culinae

22 2695 63 2756 lec
81 2703 152 2763 male
176 2705 337 2771 coniectat;
385 2704 451 2782 quis
475 2702 549 2761 enim
568 2710 625 2761 tarn
647 2702 756 2775 nudus,
781 2699 912 2760 utillum

22 2777 51 2839 lis
68 2784 152 2862 ierat,
179 2788 335 2848 Etruscum
356 2803 449 2865 puero
471 2787 496 2844 si
519 2785 640 2860 contigit
663 2803 762 2843 nurum

22 2861 58 2923 lel
75 2870 162 2930 nolus
187 2880 295 2932 tanturn
319 2880 348 2929 et
370 2871 482 2947 siguum
504 2868 540 2928 de
562 2885 693 2947 paupere
716 2865 803 2927 loro‘l
932 2875 983 2929 165

22 2946 75 3023 lpss
94 2952 168 3014 bene
191 2954 332 3015 coenandi
354 2967 407 3013 vos
431 2952 554 3031 decipit:
580 2970 652 3012 ecce
675 2950 753 3012 dabit
775 2952 829 3011 iam

22 3030 144 3097 lanosum
167 3039 301 3118 leporem
325 3036 543 3116 atquealiquid
567 3035 604 3096 de
628 3035 760 3096 clunibus
781 3034 854 3112 apri,

22 3112 50 3171 ld
71 3136 118 3178 nos
141 3123 198 3182 iam
222 3124 322 3183 veniet
342 3123 435 3181 minor
459 3119 560 3187 altilis:
582 3119 650 3180 iude
672 3128 774 3198 parato

22 3193 164 3282 intactoque
186 3224 287 3267 omues
308 3214 338 3265 et
357 3206 458 3264 stricto
482 3222 557 3282 pane
575 3206 688 3264 tacetis.

22 3276 58 3339 llls
75 3289 162 3366 sapit,
188 3293 237 3370 qui
260 3301 289 3350 te
313 3291 357 3349 sic
381 3289 489 3350 utitur:
529 3289 624 3348 omnia
644 3289 724 3348 ferre
930 3288 981 3343 rto

22 3363 137 3447 lipotes,
164 3384 194 3434 ct
219 3375 331 3436 debes:
354 3371 523 3451 pulsandum
547 3373 660 3432 vertice
680 3389 748 3431 raso

22 3443 151 3515 Praebebis
174 3460 349 3538 quandoque
371 3465 459 3535 caput
477 3473 533 3515 nec
556 3455 627 3516 dura
648 3457 763 3516 timebis

22 3523 101 3610 Flagra
123 3543 200 3619 pati,
224 3543 269 3603 his
292 3540 386 3620 epulis
411 3549 440 3599 et
462 3539 513 3600 tali
537 3539 640 3616 dignus
663 3541 771 3601 amico!
