2438 3994
553 285 588 332 D.
609 285 682 332 IUN.
705 284 891 332 mutauffls

539 585 883 651 SATIRAXVI.

216 719 294 823 (luis
314 764 466 807 numerare
488 755 576 826 queat
598 747 693 808 felicis
717 746 862 825 praemia,
887 745 973 823 Galli,

215 829 358 896 Militiae?
381 848 445 891 nam
469 832 493 889 si
515 829 672 890 subeuntur
693 847 838 909 prospera
859 839 965 906 castra,

216 919 264 979 lle
286 916 419 995 pavidum
441 915 569 992 excipiat
593 917 718 975 tironem
741 922 826 992 porta
852 913 980 973 secundo

213 1002 330 1066 Sidere.
371 998 438 1059 Plus
463 1000 569 1058 etenim
592 999 643 1058 lati
667 997 747 1058 valet
768 998 840 1058 hora
863 997 992 1075 benigni,

216 1085 310 1160 Quam
331 1082 356 1142 si
379 1097 433 1141 uos
450 1081 575 1140 Veneris
596 1081 778 1142 commendet
800 1081 925 1159 epistola
946 1079 1029 1141 llarti
1184 1092 1198 1141 ⁵

215 1169 253 1230 Et
276 1166 371 1228 Samia
397 1166 532 1242 genetrix
554 1183 630 1244 quae
655 1165 818 1226 delectatur
840 1181 938 1224 arena.

258 1247 416 1312 Commoda
440 1257 597 1309 tractemus
621 1249 741 1328 primum
764 1250 943 1324 communia,
971 1265 1093 1327 quorum

215 1336 297 1397 Haud
323 1334 466 1394 minimum
487 1331 559 1396 illud
580 1335 652 1408 erit,
674 1351 711 1392 ne
734 1341 762 1392 te
786 1331 905 1411 pulsare
924 1341 1040 1410 togatus

213 1419 347 1494 Audeat,
369 1417 454 1477 immo
479 1425 523 1492 et,
547 1418 572 1475 si
595 1416 743 1497 pulsetur,
765 1414 925 1476 dissimulet
946 1435 1001 1476 neo

215 1503 331 1566 Audeat
355 1518 498 1562 excussos
520 1502 649 1579 praetori
672 1498 829 1559 ostendere
854 1499 956 1560 dentes
1169 1512 1200 1562 lu

214 1588 253 1650 llt
273 1589 384 1665 nigram
409 1585 535 1645 insacia
558 1584 672 1644 tumidis
696 1583 835 1644 livoribus
861 1584 946 1644 ollam

215 1673 313 1750 Atque
335 1670 450 1729 oculum
472 1668 586 1728 medico
608 1667 648 1728 nil
673 1668 862 1748 promittente*
879 1668 1021 1728 relictum.

215 1754 374 1816 Bardaicus
396 1752 483 1812 iudex
505 1751 586 1811 datur
610 1752 684 1812 haec
707 1753 808 1830 punire
828 1751 949 1828 volenti,

217 1836 343 1898 Calceus
368 1844 398 1895 ct
418 1835 544 1912 grandes
565 1851 666 1912 magna
688 1835 724 1896 ad
748 1834 888 1896 subsellia
911 1853 1007 1911 surae,

140 1941 144 1948 ·
214 1920 341 2000 Legibus
365 1921 489 1999 antiquis
511 1928 671 1980 castrorum
693 1927 722 1978 et
743 1936 824 1979 more
848 1916 961 1984 Camilli
1171 1929 1200 1982 15

215 2007 356 2080 Servata,
381 2002 465 2064 miles
490 2021 527 2064 ue
553 2003 659 2065 vallum
680 2003 775 2080 litiget
800 2012 882 2064 extra

215 2088 252 2153 Et
279 2086 420 2166 procula
443 2089 543 2165 signis.
579 2088 737 2148 Iustissima
764 2088 961 2147 centurionum

216 2171 351 2251 cognitio
375 2179 420 2230 est
446 2172 534 2249 igitur
558 2171 595 2230 de
617 2171 723 2246 milite,
747 2189 803 2230 nec
826 2171 892 2231 mihi
915 2171 1008 2232 deerit

216 2255 311 2330 Ultio,
335 2256 360 2314 si
383 2255 477 2315 iustae
500 2255 630 2315 defertur
652 2273 739 2315 causa
765 2255 929 2333 querellae:

215 2338 289 2399 l'ota
314 2336 421 2398 cohors
445 2346 539 2397 tamen
562 2346 607 2398 est
629 2339 757 2412 inimica,
783 2356 941 2417 omnesque
963 2340 1081 2419 manipli
1167 2349 1214 2424 to}

216 2419 369 2482 consensu
394 2437 498 2496 magno
522 2421 665 2496 elliciunt,
690 2420 826 2482 curabilis
849 2431 880 2480 ut
903 2426 940 2481 sit

215 2503 349 2565 Vindicta
370 2512 400 2563 et
421 2505 539 2582 gravior
562 2521 647 2582 quam
669 2505 778 2564 iniuria.
814 2504 937 2582 Dignum
963 2508 1018 2566 erit
1042 2524 1115 2585 ergo

215 2586 427 2650 Declamatoris
448 2587 555 2650 mulino
579 2587 669 2648 corde
690 2587 816 2665 Vagelli,

216 2671 309 2746 Quum
331 2671 388 2733 duo
411 2688 495 2732 crura
517 2671 646 2747 habeas,
673 2672 824 2753 offendere
850 2681 892 2732 tot
916 2673 1044 2751 caligas,
1072 2683 1116 2734 tot

214 2755 293 2818 llilia
330 2755 486 2816 clavorum.
526 2755 597 2830 Quis
625 2765 681 2816 tam
704 2756 808 2835 procul
833 2755 908 2817 absit
929 2757 964 2817 ah
990 2757 1063 2817 urbe
1166 2769 1200 2822 25

216 2836 388 2915 Praeterea,
416 2841 479 2918 quis
502 2847 559 2900 tam
580 2839 721 2917 Pylades,
744 2840 849 2900 molem
872 2844 988 2919 aggeris
1011 2841 1087 2902 ultra
1212 2831 1213 2902 ζ

214 2921 252 2984 Ut
273 2921 391 2984 veniat?
416 2923 552 2984 lacrimae
576 2924 721 2984 siccentur
743 2927 889 3007 protinus,
913 2935 941 2984 et
964 2943 997 2986 se
1212 2911 1213 2947 ¹

215 3005 415 3068 Excusaturos
436 3024 494 3066 nou
518 3007 710 3067 sollicitemus
734 3010 852 3069 amieos.

213 3090 258 3151 Da
280 3098 403 3166 testem,
429 3091 516 3150 iudex
541 3108 626 3180 quum
652 3091 771 3169 dixerit,
800 3091 904 3153 audeat
925 3092 976 3152 ille

213 3172 322 3234 Nescio
350 3173 433 3252 quis,
457 3190 570 3250 pugnos
594 3175 642 3251 qui
666 3175 751 3252 vidit,
774 3176 891 3237 dicere:
915 3177 987 3236 vidi:
1164 3187 1202 3242 su

216 3253 251 3316 lit
276 3255 392 3316 credam
414 3256 529 3332 dignum
551 3254 642 3318 barba
667 3257 841 3338 dignumque
865 3259 978 3340 capillis
1211 3261 1212 3326 ζ

257 3340 363 3400 ¹lorum.
404 3335 494 3398 cilius
517 3339 620 3400 laisum
643 3342 808 3419 producere
831 3353 936 3403 testem
1211 3343 1212 3435 l

273 3432 322 3484 utra
346 3441 489 3502 paganum
514 3425 629 3502 possis,
651 3443 735 3503 quam
758 3444 828 3486 vera
852 3427 1020 3506 loquentem

279 3516 323 3569 tra
347 3507 489 3569 fortunam
511 3510 611 3570 armati
635 3519 793 3590 contraque
821 3511 970 3590 pudorem.
