2444 3984
204 270 242 331 42
534 281 567 326 n.
584 280 654 326 run.
672 277 857 326 ruvnusnrs

204 421 241 480 Et
261 421 475 498 xerampelinas
496 427 615 479 ueteres
638 419 788 478 donaverit
811 418 876 496 ipsi,

204 503 256 580 Ut,
280 504 416 581 quidquid
439 503 525 563 subiti
549 511 578 562 et
598 503 693 579 magni
716 501 886 561 discriminis
907 502 1003 575 instat,

203 586 235 647 in
256 588 367 647 tunicas
390 597 437 648 eat
460 595 489 646 et
509 595 600 646 totum
623 585 715 645 semei
739 585 839 663 expiet
861 601 973 644 annum.

204 670 358 730 ilibernum
379 670 472 730 fracta
492 669 588 747 glacie
612 669 772 729 descendet
793 669 821 728 iu
843 685 965 744 amnem,

203 753 262 814 Ter
283 754 420 814 matutino
446 752 545 813 'liberi
566 761 714 830 mergetur
736 752 858 830 stipsis

204 836 369 897 Verticibus
392 838 520 897 timidum
544 845 630 916 caput
656 836 772 904 abinet;
800 835 867 894 inde
892 834 1019 913 Superbi
1205 879 1206 882 η

204 921 306 981 Totum
327 922 407 997 regis
430 939 530 998 agrum
550 921 626 980 nuda
647 938 682 979 ac
705 918 893 978 tremebunda
916 918 1043 978 cruentis
1141 919 1206 980 susi

204 1004 315 1082 iirepet
335 1003 473 1080 genibus;
499 1006 524 1063 si
547 1003 668 1063 candida
691 1003 807 1062 iusserit
827 1001 871 1077 Io,

204 1088 259 1147 Ibit
281 1087 315 1146 ad
341 1087 469 1165 Aegypti
492 1088 578 1146 finem
602 1085 755 1163 calidaque
777 1087 882 1164 petitas

205 1171 231 1230 A
253 1168 355 1232 Meroe
380 1170 507 1250 portabit
528 1187 634 1250 aquas,
660 1179 690 1229 ut
712 1178 832 1249 spargat
854 1171 881 1227 in
903 1167 1007 1246 aedem

204 1253 306 1329 isidis,
329 1256 446 1333 antiquo
470 1271 544 1333 quae
566 1255 698 1333 proxima
721 1256 813 1330 surgit
835 1252 913 1312 cviii.
1206 1303 1207 1308 ,

206 1335 307 1396 Credit
331 1340 405 1398 onim
429 1339 519 1417 ipsius
542 1338 674 1398 dominae
699 1356 732 1396 se
755 1354 831 1397 uoce
852 1336 979 1395 moneri:
1142 1344 1207 1397 5301

206 1422 249 1481 En
272 1423 392 1482 animam
415 1432 444 1481 et
465 1429 605 1498 mentem,
629 1440 693 1481 cum
715 1438 770 1499 qua
793 1421 821 1480 di
844 1429 930 1480 nocte
954 1418 1123 1498 loquantur!

205 1505 284 1582 Ergo
305 1506 353 1565 bic
377 1508 563 1584 praecipuum
586 1523 781 1584 summumque
802 1511 930 1563 meretur
950 1502 1104 1579 bonorem,

206 1589 260 1662 Qui
284 1607 378 1667 grege
401 1590 524 1667 linigero
548 1590 738 1650 circumdatus
757 1598 785 1648 et
807 1605 902 1665 grege
924 1584 1008 1646 cnivo

206 1673 372 1750 Plangentis
395 1673 496 1752 popuii
520 1675 608 1733 currit
630 1674 745 1733 derisor
766 1671 886 1731 Anubis.

206 1754 260 1815 ilie
284 1758 357 1834 petit
377 1759 507 1832 veniam,
532 1759 646 1835 quoties
668 1773 724 1816 non
749 1755 872 1816 abstinet
895 1772 969 1815 uxor
1143 1760 1187 1814 53⁵

208 1837 370 1899 Concubitu
391 1840 484 1900 sacris
507 1839 755 1919 observandisque
782 1839 894 1914 dicbus,

208 1917 369 2002 Magnaque
392 1923 516 1984 debetur
536 1924 645 1984 violato
670 1941 764 2002 poena
788 1923 924 1998 cadurco,

207 2005 243 2066 Et
266 2009 393 2068 movisse
417 2017 504 2087 caput
527 2010 590 2068 ulsa
613 2017 659 2068 est
679 2015 818 2085 argentea
840 2023 978 2085 serpens;

208 2091 286 2151 iilius
311 2091 446 2152 lacrimae
468 2093 662 2171 meditataque
685 2108 828 2150 murmura
845 2097 1004 2168 praestant,

208 2174 243 2234 Ut
266 2177 379 2235 veniam
402 2175 507 2254 cnlpae
530 2193 587 2236 non
610 2175 731 2251 abnuat,
760 2191 864 2235 ansero
886 2189 991 2250 magno

208 2258 328 2320 Scilicet
350 2268 379 2318 et
401 2261 478 2318 tonui
501 2277 616 2338 popano
639 2269 809 2338 corruptus,
835 2255 937 2317 Osiris.

208 2343 302 2416 Quum
323 2342 402 2402 dedit
425 2341 476 2401 iiie
498 2343 610 2402 iocum:
638 2343 763 2422 cophino
787 2337 942 2420 foenoque'
959 2340 1075 2416 relicto,

208 2427 352 2485 Arcanum
373 2424 479 2485 iudaea
500 2435 627 2486 tremens
649 2427 794 2486 mendicat
814 2426 843 2484 in
865 2442 973 2500 aurem,

208 2509 356 2587 interpres
379 2508 476 2586 legum
499 2510 680 2585 Solymarum
706 2519 734 2570 ct
756 2526 859 2586 magna
878 2507 1018 2569 sacerdos

211 2592 331 2654 Arboris
354 2609 389 2652 ac
413 2595 514 2652 summi
537 2594 594 2654 iida
618 2595 790 2654 internuntia
814 2592 902 2653 coeli.
982 2664 984 2668 Ι

208 2675 314 2755 lmpict
336 2685 365 2736 et
387 2676 437 2738 iila
459 2695 588 2754 manum,
610 2679 663 2739 sed
686 2679 817 2758 parcius;
840 2677 1030 2736 sereminuto

209 2760 436 2840 Qualiscumque
457 2762 542 2822 voles
565 2760 663 2823 iudaei
683 2763 793 2822 somnia
816 2760 951 2820 vendunt.

209 2844 340 2922 Spondet
365 2855 521 2907 amatorem
544 2855 675 2906 tenerum
697 2846 745 2906 vei
769 2845 864 2906 divitis
887 2844 950 2905 orbi

209 2926 425 2989 Testamentum
445 2932 565 3007 ingens,
589 2930 701 2991 calidae
727 2929 863 3009 pulmone
885 2926 1038 2988 columboe

209 3010 361 3088 Tractato,
385 3013 538 3074 Armenius
560 3014 608 3073 vei
633 3013 843 3091 Commagenus
868 3012 1032 3090 haruspex;
1146 3020 1190 3072 550

209 3095 333 3155 Pectora
357 3097 501 3174 pullorum
522 3096 684 3173 rimabitur,
708 3107 775 3157 exta
795 3096 905 3172 catelii,

209 3177 356 3238 interdum
378 3189 407 3240 et
431 3181 528 3260 pueri;
551 3181 655 3256 faciet,
683 3181 760 3259 quod
782 3181 897 3240 deierat
922 3181 996 3258 ipse.

211 3259 365 3322 Chaldaeis
388 3264 441 3323 scd
464 3265 555 3324 maior
577 3267 631 3323 erit
654 3264 772 3324 iiducia:
797 3264 935 3343 quidquid

211 3344 325 3404 Dixerit
347 3346 530 3424 astrologus,
558 3348 715 3407 credente
738 3348 819 3408 fonte
841 3348 962 3406 relatum

211 3427 390 3504 iiammonis,
416 3431 549 3509 qnoniam
571 3430 693 3510 Delphis
717 3431 835 3490 oracula
858 3439 975 3490 cessant

212 3507 248 3569 Et
270 3528 363 3587 genus
385 3511 534 3573 humanum
557 3514 670 3575 damnat
693 3514 789 3591 caligo
814 3513 909 3573 iuturi.
