2438 3994
403 254 527 303 SATIRA
547 255 581 302 X.

17 400 95 460 llaec
119 397 187 457 data
208 411 304 474 poena
330 394 377 454 diu
400 394 580 470 viventibus,
605 403 636 453 nt
658 404 797 455 renouata

17 485 141 560 Semper
169 478 253 540 clade
279 477 381 538 domus
407 478 502 538 multis
524 480 552 538 in
573 477 697 538 luctibus
719 479 807 557 inque

19 567 166 644 Perpetuo
191 578 324 622 maerore
347 571 376 622 et
396 563 478 639 nigra
499 571 584 622 veste
607 572 770 622 senescant.
952 575 1005 630 245

20 650 81 709 llcx
106 647 224 722 Pylius,
252 662 356 722 magno
381 647 405 706 si
432 646 585 724 quidquam
609 646 705 706 credis
728 644 865 723 Homero,

20 731 193 809 Exemplum
218 729 294 789 vitae
317 729 403 790 inita
426 730 545 789 cornice
569 729 725 790 secundae.

21 815 102 876 Felix
126 814 275 888 nimirum,
300 814 348 892 qui
371 823 413 874 tot
435 830 490 891 per
512 814 613 873 secula
638 823 759 874 mortem

21 898 139 958 Distulit
164 906 252 974 atque
278 913 347 956 suos
372 898 427 958 iam
451 897 553 957 dextra
576 906 721 976 computat
743 915 844 976 annos,

23 982 135 1062 Quique
158 997 263 1040 novum
285 981 371 1040 toties
393 989 515 1041 mustum
540 980 621 1041 bibit.
655 979 730 1057 oro,
755 999 911 1062 parumper
953 996 1006 1048 250

22 1065 179 1141 Attendas,
205 1072 339 1144 quantum
364 1065 401 1125 de
431 1064 545 1142 legibus
569 1067 633 1143 ipse
655 1075 792 1143 queratur
984 1070 986 1074 ’

22 1149 157 1210 latorum
180 1157 210 1207 et
234 1148 320 1208 nimio
342 1147 379 1208 de
402 1149 538 1225 stamine,
559 1166 644 1226 quum
663 1149 743 1209 videt
765 1153 840 1212 acris

22 1233 168 1293 Antilochi
190 1231 309 1292 barbanu
333 1233 498 1309 ardentem,
525 1249 610 1311 quum
633 1234 744 1312 quaerit
766 1234 803 1294 ab
828 1239 903 1296 omni

23 1317 159 1396 Quisquis
197 1315 280 1376 adest
306 1317 419 1393 socius,
444 1334 495 1375 cur
517 1316 591 1377 baec
612 1318 640 1376 in
662 1325 794 1395 tempora
819 1320 913 1397 duret,

23 1400 104 1472 Quod
127 1400 241 1460 facinus
263 1400 377 1476 dignum
400 1408 456 1460 tam
479 1400 568 1478 longo
591 1401 738 1461 admiserit
761 1401 858 1461 aero?
954 1415 1006 1468 255

22 1483 98 1544 llaec
127 1483 232 1543 eadem
255 1481 379 1559 Peleus,
402 1492 514 1562 raptum
540 1503 625 1564 quum
648 1484 728 1562 luget
754 1484 907 1564 Achillem,

24 1568 116 1648 Atque
143 1567 233 1642 alius,
265 1568 309 1626 cui
331 1567 376 1627 ias
400 1566 527 1628 ltlracum
550 1569 653 1645 lugere
675 1577 827 1629 natantem.

24 1649 163 1711 lncolumi
184 1649 271 1711 Troia
294 1650 423 1710 Priamus
444 1652 574 1712 venisset
599 1651 635 1712 ad
658 1652 774 1713 umbras

25 1735 160 1795 Assaraci
182 1735 293 1811 magnis
316 1734 521 1812 sollemnibus,
543 1735 672 1796 Hectore
696 1736 781 1798 iunus

25 1817 157 1879 Portante
179 1835 215 1878 ac
234 1819 356 1898 reliquis
377 1818 496 1879 iratrunr
522 1820 685 1880 cervicibus
707 1822 782 1881 inter
955 1832 1009 1889 260

11 1901 141 1970 iliadum
166 1901 315 1978 lacrimas,
343 1911 372 1962 ut
394 1903 502 1981 primos
528 1904 772 1982 edere-planctus

28 1984 186 2046 Cassandra
209 1987 352 2065 inciperet
375 1988 526 2064 scissaque
550 1986 698 2062 Polyxena
723 1986 811 2066 palla,

29 2071 54 2128 Si
77 2070 157 2130 ioret
180 2071 339 2130 exstinctus
365 2069 483 2130 diverso
506 2080 657 2150 ternpore,
680 2088 738 2151 quo
760 2087 818 2129 non

30 2151 172 2232 Coeperat
193 2153 320 2214 audaces
341 2153 422 2214 Paris
442 2154 597 2215 aedificare
622 2157 744 2216 carinas.

30 2235 120 2315 longa
145 2237 209 2297 dies
234 2236 320 2314 igitur
342 2238 410 2317 quid
432 2235 571 2298 contulit?
595 2241 688 2299 omnia
710 2237 780 2298 vidit
955 2249 1008 2302 265

31 2317 135 2381 Eversa
159 2329 188 2380 et
211 2320 329 2381 dammis
350 2320 449 2398 Asiam
474 2323 614 2401 ierroque
637 2323 798 2384 cadentem.

32 2401 102 2465 lunc
124 2404 209 2464 miles
233 2405 372 2465 tremulus
399 2407 494 2483 posita
518 2406 582 2467 tulit
603 2425 681 2468 arma
709 2409 782 2468 tiara

33 2485 61 2546 tt
81 2489 138 2548 ruit
159 2496 225 2548 ante
249 2506 325 2548 aram
350 2490 450 2549 summi
474 2489 568 2566 loris,
591 2500 622 2551 ut
645 2492 760 2552 vetulus
783 2490 849 2567 bos,

33 2568 79 2641 Qui
103 2572 211 2632 domini
234 2571 333 2632 cultris
355 2582 443 2633 tenue
470 2583 499 2634 et
521 2574 686 2634 miserabile
712 2574 818 2634 collum

32 2651 164 2730 Praebet,
192 2655 228 2715 ab
252 2657 364 2732 ingrato
386 2658 442 2718 ianr
466 2658 610 2718 iastiditus
635 2667 740 2718 aratro.
956 2663 1010 2718 270

32 2734 125 2798 llxitus
148 2738 199 2799 ille
221 2748 376 2820 utcumque
399 2739 539 2818 bominis,
565 2741 618 2801 sed
639 2749 722 2800 torva
745 2741 847 2800 canino

33 2819 149 2882 latravit
170 2824 260 2899 rictu,
285 2841 360 2901 quae
383 2826 547 2903 posthunc
568 2825 696 2898 vixerat,
719 2839 802 2882 uxor.

34 2901 142 2966 Festino
166 2907 340 2967 adnostros
364 2917 393 2968 et
417 2927 519 2986 regem
540 2917 657 2968 transeo
680 2907 762 2967 Ponti

34 2985 241 3066 nemesus,
265 3009 350 3070 quern
374 3009 433 3052 uox
455 2993 522 3053 iusti
543 2990 665 3053 larunda
689 2991 806 3051 Solonis

36 3068 187 3150 llespicere
209 3073 245 3134 ad
267 3075 374 3153 longae
396 3077 479 3137 iussit
501 3077 592 3154 spatia
615 3075 711 3135 ultima
734 3075 822 3134 vitae.

37 3151 150 3216 Exilium
175 3166 205 3217 et
227 3175 330 3218 carcer
349 3158 611 3239 llinturnarumque
633 3159 755 3237 paludes
860 3187 867 3192 ·

38 3233 66 3296 bt
85 3240 263 3301 mendicatus
284 3245 361 3304 ricta
389 3242 564 3320 Cartbagine
586 3245 668 3322 panis

38 3317 98 3382 Hinc
119 3343 222 3386 causas
244 3326 383 3387 habuere.
417 3326 491 3400 Quid
513 3326 564 3387 illo
589 3329 653 3387 cive
677 3327 790 3387 tulisset
854 3393 857 3400 ,

39 3399 131 3469 Natura
155 3409 311 3487 interris,
336 3411 405 3488 qnid
427 3411 518 3472 Roma
537 3410 650 3471 beatius
672 3428 815 3489 umquam,

40 3485 62 3544 Si
83 3491 278 3553 circumducto
302 3496 481 3572 captiuorum
502 3497 616 3573 agmine
639 3503 669 3554 et
694 3495 770 3554 omni
