2444 3984
223 267 265 326 34
570 278 605 324 n.
625 277 696 324 nm.
719 278 907 327 rutmuunrs

222 415 283 476 lam
306 416 420 492 senior,
445 416 525 475 onius
547 415 665 475 barbam
686 425 733 474 tua
756 416 837 475 ianua
861 416 941 498 uidit.
1159 435 1200 486 215

225 499 362 560 Testandi
385 517 471 578 quum
493 499 529 558 sit
551 498 703 558 lenonibus
726 507 812 577 atque
835 498 945 559 lanistis

225 583 355 643 Libertas
379 590 408 642 et
430 582 499 641 iuris
521 581 597 641 idem
619 583 766 660 contingat
788 599 906 659 arenae,

224 665 290 726 Non
311 684 383 725 nnus
399 666 452 725 tibi
472 665 572 724 rivalis
595 665 749 726 dictabitur
771 664 869 724 lueres.
890 697 934 710 —

224 750 304 810 l'one
327 766 443 809 crucem
465 765 563 808 servo.
586 783 628 794 -
647 747 751 808 Meruit
776 765 834 828 qno
857 751 977 809 crimine
1000 770 1104 812 servus

225 829 424 912 Supplicium?
451 833 515 910 quis
536 833 620 891 testis
643 830 746 892 adest?
770 833 835 911 quis
857 831 980 893 detulit?
1002 836 1079 912 andi,
1159 847 1203 898 tlt

224 916 309 977 Nulla
335 933 467 994 umquam
490 915 526 975 de
548 924 641 974 morte
664 915 786 974 hominis
813 917 956 976 cunctatio
983 916 1147 997 longeest.
1171 953 1205 964 -

225 1000 248 1059 0
272 1000 407 1075 demens,
430 1000 469 1058 ita
492 1016 595 1057 servus
617 998 704 1058 homo
728 995 793 1058 est?
819 1000 858 1058 nil
881 999 1002 1077 fecerit,
1027 1011 1108 1062 esto:

223 1083 288 1142 lloc
308 1082 395 1157 volo,
420 1083 463 1142 sic
485 1081 587 1156 iubeo,
612 1083 649 1140 sit
672 1099 725 1159 pro
748 1082 859 1142 ratione
882 1083 1024 1145 voluntas.

223 1167 350 1244 Imperat
372 1181 444 1243 ergo
466 1166 545 1230 viro:
570 1165 622 1224 sed
643 1163 711 1224 morl
733 1164 809 1225 haec
830 1184 921 1244 regna
943 1167 1077 1246 relinquit

139 1251 144 1262 '
223 1250 427 1327 Permutatqnc
450 1248 552 1308 domos
575 1256 605 1307 et
626 1247 756 1308 flammea
780 1251 917 1318 conterit;
939 1250 1004 1310 inde
1158 1264 1193 1314 Ὦ

224 1332 331 1393 Avclat
355 1342 384 1392 et
405 1333 494 1411 spreti
517 1332 626 1410 repetit
649 1333 772 1408 vestigia
793 1332 872 1394 lecti.

224 1415 346 1477 Ornatas
368 1415 455 1494 paulo
476 1414 660 1492 dulciores,
684 1416 841 1494 pendentia
862 1416 965 1496 linquit

224 1499 297 1560 Vela
319 1499 420 1560 domus
446 1508 475 1558 et
500 1498 593 1559 adlruc
614 1500 723 1559 virides
745 1500 773 1557 in
795 1499 891 1559 limine
913 1517 1018 1561 ramos.

224 1584 273 1643 Sic
296 1584 403 1643 crescit
424 1601 576 1657 numerus,
599 1584 642 1642 sic
668 1583 735 1641 liunt
760 1591 827 1641 octo
850 1585 943 1643 mariti

224 1665 357 1746 Quinque
381 1684 435 1745 per
457 1674 623 1740 autumnos,
645 1665 727 1723 titulo
747 1682 795 1722 res
818 1666 904 1741 digna
927 1666 1065 1745 sepulcri.
1158 1677 1203 1730 tao

265 1749 456 1829 Desperanda
480 1748 532 1808 tibi
555 1747 635 1808 salva
658 1747 814 1806 concordia
837 1764 933 1807 socru.

223 1833 276 1893 llla
300 1834 388 1893 docet
409 1832 512 1910 spoliis
533 1829 599 1890 nudi
621 1829 751 1907 gaudere
773 1831 880 1896 mariti:

223 1916 276 1977 llla
302 1918 389 1977 docet
413 1915 507 1975 missis
530 1932 545 1974 a
569 1922 742 1991 corruptore
767 1913 884 1973 tabellis

222 1999 270 2060 Nil
292 2001 364 2060 rude
387 2017 443 2060 nec
466 1993 590 2078 simplex
610 1997 791 2061 rescribere:
816 1997 924 2075 decipit
946 1996 995 2057 illa

224 2080 369 2144 Custodes
391 2092 438 2144 aut
461 2100 529 2143 aere
551 2083 660 2142 domat:
683 2089 751 2141 tnnc
775 2098 900 2159 corpore
924 2097 994 2150 sano
1157 2091 1200 2144 235

223 2166 357 2227 Advocat
378 2166 566 2244 Archigenen
589 2181 771 2243 onerosaque
794 2165 883 2242 pallia
907 2165 1002 2224 iactat.

223 2250 346 2310 Abditus
368 2250 478 2310 interea
501 2249 571 2309 latet
593 2258 622 2308 et
643 2257 774 2307 secretus
797 2248 919 2322 adulter,

223 2333 438 2410 Impatiensque
460 2348 559 2390 morae
583 2331 650 2389 silet
672 2340 701 2389 et
721 2331 872 2408 praeputia
894 2330 980 2390 ducit.

224 2415 346 2475 Scilicet
370 2423 543 2492 exspectas,
568 2421 596 2472 ut
615 2412 707 2472 tradat
728 2422 820 2472 mater
841 2412 982 2472 honestos

225 2497 320 2576 Atque
342 2497 416 2557 alios
441 2512 555 2570 mores,
579 2513 662 2574 qnam
682 2511 757 2574 qnos
778 2494 889 2556 habeti
910 2496 980 2556 utile
1002 2514 1092 2575 porro
1156 2510 1198 2561 ato

223 2580 355 2642 Filiolam
374 2581 451 2658 turpi
472 2579 589 2640 vetulae
612 2579 776 2658 producere
797 2587 921 2658 turpem.

223 2663 309 2724 Nulla
331 2664 394 2724 iere
419 2681 505 2724 cansa
529 2673 591 2740 est,
605 2664 642 2721 'in
665 2680 720 2741 qna
742 2679 799 2722 non
817 2661 922 2722 femina
941 2663 1020 2724 litem

223 2747 356 2808 licuerit.
399 2747 527 2808 Accusat
548 2745 679 2821 Manilia,
706 2747 730 2805 si
753 2764 802 2806 rea
825 2756 959 2807 nonest.

151 2825 155 2836 '
225 2829 406 2910 Componunt
426 2833 508 2910 ipsae
528 2843 583 2909 per
604 2848 636 2889 se
657 2829 838 2907 formantque
860 2830 990 2906 libellos,
1042 2854 1053 2861 '¹

223 2916 397 2993 Principium
421 2924 507 2992 atque
530 2915 615 2974 locos
638 2911 727 2972 (iclso
751 2913 861 2972 dictare
885 2923 1013 2992 paratae.
1156 2921 1209 2986 ulti

223 2999 415 3059 Endromidas
437 2997 540 3072 Tyrias
562 3008 591 3057 ct
612 2997 765 3056 femineum
792 3012 906 3056 ceroma
946 3021 948 3030 ¹

224 3081 297 3156 Quis
318 3079 432 3142 nescit?
453 3080 502 3140 vel
525 3082 589 3158 quis
610 3096 667 3138 non
692 3080 762 3139 vidit
782 3079 902 3138 vulnera
925 3078 1005 3157 palii

226 3164 319 3239 Quem
342 3172 425 3225 cavat
450 3162 573 3222 assiduis
596 3161 714 3221 sudibus
737 3170 877 3239 scutoque
901 3162 1020 3223 lacessit

225 3248 321 3326 Atque
347 3264 447 3306 omnes
471 3245 571 3324 implet
594 3261 729 3304 numeros
752 3245 917 3322 dignissima
943 3263 1064 3325 prorsus

224 3330 333 3391 Florali
355 3338 485 3389 matrona
506 3329 589 3403 tuba,
611 3329 664 3386 nisi
686 3330 710 3387 si
733 3329 800 3405 qnid
821 3329 849 3387 in
871 3328 923 3389 illo
1155 3339 1195 3393 rso

224 3414 350 3473 Pectore
371 3412 436 3490 plus
459 3412 548 3489 agitat
568 3429 716 3490 veraeque
739 3421 854 3491 paratur
875 3429 991 3472 arenae.

225 3495 318 3568 Quem
340 3503 491 3574 praestare
514 3504 611 3574 potest
633 3496 736 3556 mulier
755 3496 869 3573 galeata
888 3496 1056 3574 pudorem‚'
